2693 4100
1218 228 1488 293 -80
1578 267 1664 276 -.

425 403 549 438 rum
586 403 838 441 sermone
885 386 1205 440 individuos
1252 386 1535 455 significat
1581 388 1638 439 et
1688 387 1885 455 postea
1933 387 2250 456 generalius
2291 389 2475 442 etiam

425 460 730 525 usurpatur
767 457 836 510 cf.
877 456 1127 526 Simplic.
1165 458 1327 526 phys.
1370 458 1455 510 ed.
1497 474 1578 511 ac.
1609 457 1661 511 X
1692 462 1844 512 1410.

568 547 618 582 v.
652 534 680 581 7
722 531 974 594 μάντεως
999 532 1107 596 γὰρ
1139 532 1371 598 μᾶλλον]
1410 530 1506 582 cfr.
1538 529 1640 598 Ep.
1672 547 1756 597 ep.
1787 528 1839 582 11
1870 535 1972 582 104
2012 533 2181 597 μόνος
2218 534 2249 584 ό
2291 536 2474 597 μῦθος

427 602 680 668 ἀπέστω,
729 605 841 653 ’113
891 604 1121 668 μανικὸν
1169 604 1259 654 καὶ
1306 603 1374 654 οὐ
1429 602 1789 668 καθηκόντως
1832 603 2176 670 πράττομεν,
2247 609 2348 655 114
2396 607 2472 658 τὸ

426 675 488 727 δὲ
535 674 725 737 ἁπλῶς
771 673 1182 739 ἀποφαίνεσθαι
1227 676 1354 739 περὶ
1397 674 1620 726 τούτων
1666 675 1914 739 καθῆκόν
1961 674 2078 727 ἐστι
2132 680 2251 738 τοῖς
2304 676 2472 741 τερά-

424 745 682 799 τεύεσθαί
716 762 770 797 τι
800 785 954 797 .....
1004 745 1377 810 βουλομένοις,
1417 748 1482 795 87
1524 746 1614 797 ἐπὶ
1651 746 1711 798 δὲ
1748 747 1850 798 τὸν
1888 749 2065 809 μῦθον
2104 753 2381 812 καταρρεῖ.

572 833 621 868 v.
656 820 723 868 14
779 818 1110 882 ἀνθρακώδη
1168 817 1393 883 κύκλον]
1451 814 1549 867 cfr.
1590 813 1683 868 Us.
1723 814 1790 868 fr.
1832 819 1935 867 343
1976 816 2119 884 (Aet.
2150 815 2202 868 II
2231 822 2317 882 20,
2349 820 2471 885 14):

429 887 751 954 Ἐπίκουρος
783 887 981 953 γήινον
1017 888 1291 953 πύκνωμα
1328 890 1432 940 τὸν
1468 888 1627 952 ἥλιόν
1664 902 1839 953 φησιν
1869 889 2009 940 εἶναι
2037 892 2475 956 κισηροειδὲς

428 963 518 1013 καὶ
556 961 1010 1023 σπογγοειδὲς
1046 956 1236 1026 (paulo
1267 974 1400 1026 ergo
1430 956 1600 1011 aliter
1626 973 1797 1025 quam
1825 957 2125 1028 Diogenes)
2153 966 2273 1024 ταῖς
2300 978 2473 1013 κατα-

426 1031 689 1154 τρήσεὲῖιν
735 1031 847 1153 {mg
892 1032 1071 1097 πυρός
1116 1030 1455 1097 ἀνημμένον,
1513 1029 1663 1096 quod
1720 1046 1754 1082 a
1799 1028 2050 1099 Diogene
2102 1029 2474 1097 Apolloniata

428 1117 590 1168 sump
618 1118 715 1153 um
756 1117 815 1153 es
847 1143 857 1153 .

570 1171 675 1225 col.
705 1171 782 1227 IV
818 1189 867 1225 v.
901 1178 1000 1223 1-
1007 1177 1037 1224 3
1092 1173 1304 1224 terram
1340 1171 1571 1238 quidem
1609 1169 1681 1224 ab
1720 1175 1848 1225 aere
1885 1172 2151 1226 sustineri
2189 1173 2473 1241 Epicurus

427 1243 691 1312 putabat,
748 1243 923 1297 solem
958 1247 1150 1296 tamen
1187 1242 1370 1295 ventis
1407 1242 1534 1295 tolli
1572 1260 1699 1295 eum
1737 1244 2088 1298 existimasse
2125 1244 2265 1298 alibi
2301 1246 2472 1299 nobis

426 1331 542 1368 non
595 1314 868 1369 traditum
924 1317 1024 1368 est.
1105 1331 1215 1369 vox
1268 1316 1455 1382 ἄκρως
1500 1315 1692 1369 autem
1746 1316 2141 1385 coniungenda
2196 1319 2281 1369 est
2339 1334 2472 1370 cum

430 1388 633 1441 λεπτόν
671 1384 790 1455 (cfr.
810 1385 914 1439 VII
942 1385 1092 1439 col.1
1127 1403 1176 1438 v.
1209 1390 1277 1439 12
1314 1388 1525 1452 λεπτὴν
1563 1389 1624 1440 δὲ
1661 1389 1862 1454 ἄκρως,
1900 1386 1967 1440 fr.
1996 1387 2280 1441 XXXVHI
2318 1387 2426 1443 col
2449 1388 2476 1441 Ι

430 1476 477 1512 v.
507 1463 542 1510 4
582 1463 786 1525 μεικρῶ
823 1459 990 1523 πάνυ
1027 1457 1094 1509 fr
1124 1456 1175 1510 Π
1212 1456 1317 1510 col.
1348 1456 1424 1509 VI
1461 1475 1508 1510 v,
1542 1464 1605 1510 11
1648 1461 1870 1526 μεικρὸν
1906 1461 2144 1527 κομιδῆ).

570 1547 620 1583 v.
651 1529 852 1597 4—12]
892 1529 966 1581 ad
1002 1546 1121 1581 rem
1160 1527 1351 1581 confer
1385 1527 1545 1582 Lucr.
1567 1528 1619 1582 V
1646 1533 1945 1583 590-603,

573 1618 620 1653 v.
652 1600 708 1671 9]
757 1599 854 1653 cfr.
893 1600 1054 1654 Lucr.
1083 1599 1134 1653 H
1164 1604 1266 1652 660
1287 1616 1408 1668 sqq.
1483 1600 1755 1653 mundum
1801 1601 1968 1654 variis
2014 1601 2182 1655 rebus
2228 1603 2472 1655 mixtum

431 1688 549 1724 esse
606 1670 897 1737 admonet,
954 1689 1024 1725 ne
1082 1671 1208 1740 quis
1263 1671 1527 1738 miretur,
1581 1672 1731 1724 unde
1788 1671 2067 1726 elementa
2124 1674 2346 1741 vaporis
2394 1674 2472 1726 ad

430 1741 606 1796 solem
646 1743 891 1796 veniant.

430 1885 480 1939 V
575 1832 621 1867 ν.
656 1820 719 1868 13
742 1832 860 1882 sqq.
900 1815 1154 1882 sequitur
1190 1813 1373 1867 altera
1411 1813 1729 1882 explicatio,
1768 1832 1936 1882 quam
1965 1815 2260 1869 Lucretius
2288 1816 2474 1870 tradit

574 1975 621 2009 v.
656 1961 720 2009 13
779 1958 1170 2025 εὐεμπρήστου
1229 1955 1472 2024 exempli
1528 1972 1698 2010 causa
1750 1957 2030 2026 supplevi3
2096 1976 2200 2012 vox
2248 1961 2472 2012 exstare

430 2045 543 2083 non
580 2029 818 2083 videtur.

574 2101 658 2154 fr.
687 2101 781 2154 IX
820 2102 889 2154 de
927 2119 986 2153 re
1025 2100 1123 2155 cfr.
1163 2100 1321 2154 Lucr.
1353 2100 1403 2153 V
1443 2105 1544 2154 783
1562 2118 1709 2169 sqq.,
1747 2101 2049 2169 praecipue
2087 2106 2191 2155 805
2211 2120 2362 2170 sqq.:
2402 2121 2472 2156 ex

431 2173 614 2225 terrae
671 2172 847 2225 uteris
901 2173 1181 2239 prodeunt
1237 2171 1551 2225 infantes
1607 2175 1755 2241 (810)
1813 2175 1870 2225 et
1926 2176 2029 2226 816
2087 2181 2231 2227 terra
2286 2176 2471 2228 m‘bum

425 2246 664 2312 pueris
685 2286 803 2298 .....
840 2244 1149 2312 praebebat,
1185 2260 1379 2297 sucum
1415 2244 1747 2298 consimilem
1783 2244 1955 2298 laetis.
2031 2244 2162 2297 inde
2203 2246 2473 2314 βρε[φ]ώ-

432 2318 564 2379 δους
608 2332 656 2370 ν.
689 2318 721 2367 8
760 2317 889 2367 etv
896 2320 1005 2367 ,12
1046 2315 1402 2398 βρ[εφώδεις]
1440 2314 1713 2383 supplevi.

576 2386 658 2440 fr.
688 2385 748 2439 X
787 2385 890 2439 col.
919 2386 944 2438 I
995 2385 1104 2439 iam
1146 2387 1220 2440 ad
1256 2386 1423 2439 initia
1460 2385 1644 2441 cultus
1689 2385 1923 2439 humani
1958 2385 2317 2456 progreditur
2356 2387 2472 2439 dis-

430 2457 671 2525 putatio
741 2458 820 2510 ad
857 2459 1039 2511 totum
1077 2457 1263 2511 locum
1300 2456 1399 2511 cfr.
1438 2457 1597 2512 Lucr
1621 2456 1669 2508 V
1699 2462 1801 2510 925
1823 2474 1942 2525 sqq.

573 2546 624 2583 v.
665 2536 693 2583 1
753 2529 1055 2582 antecessit
1108 2527 1348 2582 fortasse
1393 2534 1495 2583 τοῦ
1544 2533 1607 2584 δὲ
1652 2531 1858 2597 χρόνου
1905 2531 2331 2598 προβαίν]οντος
2369 2529 2470 2583 cfr.

432 2618 480 2652 v.
515 2606 596 2653 14.
671 2600 883 2668 primos
929 2600 1184 2654 homines
1230 2617 1341 2655 non
1390 2601 1612 2667 domus,
1663 2601 1761 2654 sed
1808 2599 2103 2669 speluncas
2141 2603 2199 2654 et
2235 2599 2471 2655 frutices

433 2674 490 2795 ἰὴ
527 2688 755 2795 nlemolia
800 2670 1101 2725 incoluisse
1149 2672 1314 2725 docet
1360 2671 1652 2740 Epicurus.
1737 2671 1834 2725 cfr.
1873 2671 2031 2725 Lucr.
2051 2670 2103 2723 V
2132 2689 2179 2726 v.
2214 2676 2316 2724 955
2329 2690 2471 2740 sqq,

485 2743 541 2796 io
584 2759 659 2796 or.
753 2747 802 2809 8,
826 2749 874 2796 6.

575 2832 624 2866 v.
656 2821 688 2868 8
727 2814 836 2868 εἴτε
875 2819 964 2869 καὶ
1002 2816 1212 2883 δοραῖς]
1252 2812 1352 2868 cfr.
1380 2815 1538 2868 Lucr.
1570 2814 1620 2868 V
1651 2818 1785 2868 1011
1825 2816 1956 2868 inde
1991 2831 2149 2869 casas
2179 2822 2467 2883 postquam

433 2902 500 2939 ae
538 2887 706 2954 pelles
751 2887 1031 2956 iynemque
1067 2893 1379 2956 pararunt,
1427 2887 1595 2940 antea
1643 2885 1790 2938 enim
1838 2886 1991 2939 nuda
2029 2902 2259 2953 corpora
2297 2885 2472 2940 habe-

432 2956 588 3022 bant,
628 2959 790 3011 nocte
828 2959 1051 3010 tantum
1088 2956 1241 3010 foliis
1281 2974 1339 3010 se
1377 2956 1723 3012 involventes
1762 2959 1830 3025 (v.
1864 2962 1967 3010 970
2006 2960 2063 3010 et
2101 2959 2242 3025 954).

575 3046 623 3081 v.
657 3034 721 3082 11
762 3029 832 3082 de
871 3045 1002 3083 voce
1041 3031 1314 3096 στρεπτός
1351 3028 1449 3082 cfr.
1478 3046 1532 3098 p.
1563 3027 1811 3082 XXXIX.

577 3117 626 3154 v.
658 3105 723 3154 12
763 3101 1062 3171 κασωτῶν]
1100 3101 1170 3154 de
1206 3100 1316 3153 hac
1352 3115 1488 3154 voce
1524 3099 1622 3154 cfr.
1661 3116 1715 3168 p.
1746 3098 1991 3153 XXXIV.
2067 3100 2247 3152 vestes
2278 3103 2468 3153 autem

432 3170 659 3225 illorum
703 3172 993 3225 hominum
1045 3174 1304 3237 κασωτὰς
1348 3171 1525 3225 fuisse
1570 3187 1797 3225 necesse
1845 3173 1955 3237 est,
1993 3170 2129 3238 quia
2164 3169 2348 3223 ferrea
2385 3171 2468 3223 in-

435 3245 747 3297 strumenta
801 3243 1050 3297 nondum
1106 3243 1337 3296 inventa
1398 3244 1584 3309 erant3
1651 3242 1749 3297 cfr
1787 3242 1946 3296 Lucr.
1986 3241 2036 3295 V
2075 3246 2214 3295 1850
2268 3242 2469 3296 nexilis

433 3319 562 3369 ante
597 3316 711 3382 fuit
744 3316 906 3370 vestis
940 3331 1106 3382 quam
1142 3316 1411 3369 textilete
1362 3321 1567 3369 temen
1607 3315 1664 3367 et
1704 3332 1785 3366 vv.
1815 3329 1934 3381 sqq.

578 3384 682 3440 col.
710 3385 764 3438 Π
800 3403 848 3438 v.
881 3391 911 3437 3
940 3331 1029 3438 qde
1076 3386 1211 3455 iugo
1264 3384 1361 3440 cfr.
1445 3402 1560 3440 uer.
1600 3385 1635 3438 l.
1667 3402 1712 3438 c.
1789 3385 1863 3438 ad
1899 3383 2070 3438 verba
2107 3387 2299 3437 autem
2335 3383 2465 3452 προ-

436 3458 643 3525 βαίνων
690 3460 722 3511 ό
769 3460 971 3525 χρόνος
1013 3464 1135 3522 ταῖς
1180 3459 1445 3522 ἐπινοίαις
1490 3475 1540 3512 α.
1573 3460 1614 3513 ἑ.
1647 3475 1693 3511 κ.
1723 3476 1771 3511 τ.
1804 3458 1836 3511 ἱ.
1877 3459 1956 3509 et
1978 3473 2027 3508 v.
2059 3459 2091 3508 8
2142 3458 2326 3521 πάσας
2362 3458 2465 3523 γὰρ

434 3530 741 3596 ἐγέννησαν
779 3528 833 3581 αἱ
871 3535 1045 3595 xpc-fiat
1082 3532 1169 3582 καὶ
1214 3531 1582 3596 περιπτώσεις
1618 3531 1756 3595 μετὰ
1790 3534 1895 3583 τοῦ
1933 3528 2140 3595 χρόνου
2180 3525 2278 3580 cfr.
2309 3526 2464 3580 Lucr.

439 3598 487 3653 V
517 3605 654 3653 1448
675 3617 794 3667 sqq.
834 3600 1062 3669 naviyia
1109 3607 1271 3668 atque
1306 3602 1435 3669 ayri
1469 3600 1743 3665 culturae,
1779 3601 1995 3654 moenia
2028 3640 2217 3652 ......
2248 3614 2383 3652 usus
2420 3605 2468 3651 et
