2693 4100
1131 266 1611 331 ...100-

401 442 408 447 ·
496 442 547 477 v.
578 428 610 476 9
648 424 763 477 tale
800 422 939 493 quid
976 425 1232 478 secutum
1270 441 1391 478 esse
1442 427 1581 493 puto
1621 428 1709 480 ὅτι
1743 430 1814 493 τῆ
1853 428 2075 490 γνώσει·
2097 432 2236 481 τῶν.
2260 470 2272 481 .
2296 458 2384 483 .-.·.

354 494 530 564 [λείαν
567 496 1025 564 ὠφεληθήσεσθε,
1064 498 1154 549 καὶ
1189 497 1329 551 ἄλλα
1370 513 1477 562 μου
1515 499 1868 564 γεγραμμένα
1903 498 2254 568 προσθήσω]

497 636 581 692 fr.
610 637 820 692 LXIII
865 638 969 691 col.
1006 638 1032 691 I
1086 637 1301 706 species
1357 638 1649 693 hominum
1704 639 2025 695 absentium
2081 642 2390 693 maximum

353 708 604 762 excitant
657 712 897 778 metum,
951 709 1089 778 quia
1132 709 1412 778 quomodo
1457 708 1598 764 fiant
1643 710 1717 764 ab
1762 710 2087 765 hominibus
2124 711 2392 780 explicari

353 796 467 832 non
502 781 705 849 potest.
782 784 979 835 contra
1023 781 1405 850 praesentium
1451 780 1744 836 hominum
1789 782 2004 851 species
2050 800 2120 837 ne
2157 782 2391 837 minimo

353 851 593 936 quidem·
632 856 788 906 metu
835 851 1106 906 afficiunt.
1180 869 1551 921 quamquam,
1608 852 1658 906 si
1701 858 1853 907 recte
1901 871 2094 938 earum
2130 857 2392 908 naturam

351 923 1422 1064 ¹5:1¹1?¹3²320⁹¹553²3220022sspf2333
1456 924 1600 1064 23:1¹2?
1637 927 1705 1050 ἓξ
1730 925 2395 1051 ἶῖἰέιὲἐὲἶῗιηῑιῃξῖἷ

352 1067 656 1133 quentibus
694 1083 1011 1139 cognosces,

497 1137 600 1192 col.
629 1137 681 1191 Π
726 1138 882 1192 locus
921 1137 1324 1192 obscuritatem
1376 1139 1662 1206 quandam
1712 1139 1903 1205 habet,
1960 1156 2130 1208 quam
2180 1139 2395 1194 Usener

354 1212 412 1261 et
457 1209 699 1263 editores
746 1209 1033 1265 Austriaci
1087 1213 1308 1264 mutato
1353 1210 1445 1263 vel
1494 1211 1691 1265 addito
1736 1211 1906 1265 verbo
1961 1210 2156 1266 toUere
2204 1209 2395 1264 conati

352 1283 501 1334 sunt.
576 1297 642 1334 ac
677 1281 923 1350 primum
958 1281 1266 1336 videndum
1304 1285 1408 1349 est,
1456 1282 1524 1334 de
1562 1299 1674 1351 qua
1710 1300 1769 1336 re
1809 1284 2026 1354 agatur.
2102 1281 2395 1350 quaeritur

355 1352 673 1406 subiectum
708 1354 931 1424 generis
979 1353 1238 1407 feminini
1282 1353 1581 1408 verborum
1628 1358 1820 1421 ἔχουσι
1865 1358 1923 1408 et
1959 1356 2392 1423 ὑφειστήκεσαν.

353 1424 504 1491 quod
539 1424 634 1477 vix
672 1424 908 1479 dubium
946 1428 1034 1478 est
1070 1425 1208 1494 quin
1255 1424 1408 1478 idem
1447 1426 1763 1498 significare
1802 1425 2007 1480 debeat
2044 1429 2216 1494 atque
2242 1427 2395 1492 4φάζ-

355 1512 502 1561 ματα
540 1495 663 1564 (col.
695 1494 773 1548 III
807 1514 858 1550 v.
890 1496 1013 1570 (κβ).
1089 1496 1346 1566 supplevi
1393 1496 1572 1568 igitur
1617 1498 1677 1552 in
1722 1498 1905 1567 prima
1952 1498 2213 1552 columna
2250 1513 2397 1564 φαν-

351 1567 552 1620 τασίαι.
626 1567 779 1620 idem
815 1567 1028 1622 Usener
1078 1572 1296 1634 censet,
1358 1585 1486 1622 cum
1537 1569 1598 1622 in
1649 1570 1840 1624 adnot.
1878 1588 1934 1639 p.
1973 1575 2075 1624 427
2128 1567 2397 1638 proponit

352 1636 478 1706 (col.
508 1637 533 1690 I
569 1655 621 1691 v.
653 1641 703 1707 9)
763 1639 844 1711 [αἱ
891 1642 953 1695 δὲ
996 1645 1115 1695 τῶν
1162 1641 1506 1764 φασμάτωνῖ
1557 1641 1853 1764 διαθὲ1[σεις
1896 1645 1989 1696 καὶ
2033 1641 2172 1696 ἰδέαι
2221 1639 2396 1710 ἄν]τι-

351 1713 927 1852 355321{J²·q„2¹:53d3
926 1714 1102 1837 Ἥ
1121 1710 1524 1852 ἳῖζῇἒὲιέζᾲ
1561 1711 2223 1855 ῖῖἷὲξέἒέηὲαξιέἔῖχέζῗὲ
2271 1713 2396 1852 ἒξῖἶ

351 1851 454 1904 has
493 1855 683 1906 autem
717 1854 975 1907 notiones
1022 1855 1175 1908 idem
1209 1855 1397 1920 valere
1444 1854 1588 1909 dicit
1624 1856 1882 1924 scriptor,
1934 1854 1982 1907 si
2021 1854 2094 1907 ad
2132 1853 2396 1907 absentes

350 1940 439 1975 res
485 1923 594 1992 (vel
640 1924 914 1996 homines)
969 1926 1121 1994 quod
1168 1925 1216 1979 si
1263 1927 1336 1980 ad
1383 1931 1709 1996 praesentes
1754 1926 2077 1995 pertineant
2114 1929 2184 1995 (v.
2219 1927 2397 1993 1—3).

352 1996 502 2062 quod
548 1997 613 2048 ut
660 1995 1031 2065 demonstret,
1088 1997 1229 2053 dicit
1272 1998 1531 2053 notiones
1577 2016 1689 2054 non
1734 2014 1897 2070 posse
1935 2014 2109 2052 manu
2147 2012 2398 2066 compre-

350 2065 522 2119 hendi
570 2069 765 2136 (ἁπταὶ
810 2071 914 2124 οὐκ
959 2071 1172 2139 οὖσαι),
1230 2071 1328 2124 sed
1385 2071 1574 2124 animo
1617 2070 1708 2125 vel
1761 2071 1980 2126 ratione
2036 2069 2396 2138 (διανοηταί).

352 2137 537 2191 adhuc
572 2155 660 2192 res
697 2141 997 2209 perspicua
1034 2145 1136 2196 est.
1212 2143 1629 2196 admonendum
1668 2146 1754 2196 est
1791 2145 2032 2208 tantum,
2084 2141 2395 2195 secundum

350 2208 656 2276 Epicurum
711 2211 966 2266 homines
1019 2215 1088 2266 ut
1143 2213 1319 2267 oculis
1375 2214 1609 2268 videant
1665 2214 1749 2268 ita
1796 2218 1854 2268 et
1901 2213 2089 2267 animo
2137 2212 2396 2266 notiones

351 2280 635 2347 quaslibet
671 2283 1139 2351 comprehendere
1176 2302 1279 2354 per
1324 2284 1627 2339 simulacra
1664 2304 1698 2339 a
1735 2286 1902 2339 rebus
1942 2284 2236 2338 affluentia
2272 2282 2393 2352 (cfr.

351 2351 454 2420 Ep.
495 2370 580 2421 ep.
616 2352 644 2406 I
681 2359 750 2407 49
808 2357 1150 2421 ἐπεισιόντος
1203 2359 1358 2422 τινὸς
1412 2359 1524 2412 ἀπὸ
1578 2364 1699 2411 τῶν
1756 2360 1963 2412 ἔξωθεν
2017 2358 2119 2421 τὰς
2174 2356 2398 2422 μορφὰς

352 2425 492 2491 όρᾶν
527 2427 674 2492 ἡμᾶς
700 2429 789 2480 καί
817 2429 1194 2496 διανοεῖσθαι).
1269 2428 1438 2497 plane
1475 2429 1655 2500 igitur
1680 2446 1799 2482 rem
1834 2428 2031 2482 intelle
2103 2443 2305 2492 remus,
2346 2425 2396 2477 si

351 2493 635 2562 notiones3
692 2497 902 2567 quippe
950 2516 1094 2567 quae
1139 2517 1242 2568 per
1279 2500 1583 2554 simulacra
1616 2500 1677 2554 in
1715 2500 1967 2553 animum
2005 2517 2039 2553 a
2101 2498 2300 2551 nentia
2337 2498 2396 2550 et

351 2583 524 2619 manu
577 2583 690 2620 non
745 2570 1278 2639 comprehensibilia
1332 2571 1676 2636 efficiantur,
1734 2572 1971 2626 eandem
2014 2570 2130 2625 vim
2186 2569 2392 2623 habere

352 2636 581 2703 diceret,
619 2638 669 2691 si
707 2639 779 2693 ab
818 2641 1148 2696 absentibus
1186 2642 1511 2697 hominibus
1549 2661 1617 2697 ex
1643 2660 1851 2715 magno
1888 2642 2185 2698 intervallo
2223 2644 2391 2708 atque

354 2708 404 2761 si
449 2726 484 2761 a
527 2710 923 2778 praesentibus
971 2730 1039 2766 ex
1084 2715 1402 2783 propinquo
1447 2715 1722 2770 venirent.
1794 2715 2036 2786 legimus
2084 2716 2273 2767 autem
2309 2728 2392 2763 se·

351 2780 657 2849 quentibus
694 2783 949 2839 versibus
995 2789 1102 2853 τὴν
1138 2787 1321 2853 αὐτὴν
1360 2789 1498 2841 ὅσον
1537 2789 1630 2855 ἐφ’
1667 2789 1891 2853 ἑαυταῖς
1935 2789 2127 2854 ἔχουσι
2164 2786 2398 2851 δύναμιν

351 2853 493 2918 πρὸς
527 2856 661 2918 τοὺς
696 2858 982 2923 παρόντας
1015 2862 1085 2924 τῆ
1117 2858 1215 2913 ὅτε
1251 2860 1342 2912 καὶ
1375 2860 1676 2926 παρόντων
1705 2859 1933 2914 ἐκείνων
1961 2857 2394 2926 ὑφειστήκεσαν.

351 2939 467 2989 qua
506 2940 564 2976 re
602 2942 752 2980 nunc
789 2927 1078 2996 paulisper
1113 2927 1321 2983 omissa
1357 2929 1603 2997 primum
1640 2947 1708 2983 ea
1745 2929 2204 2999 contemplemur,
2252 2942 2395 2996 quae

353 2992 426 3047 ab
465 2993 709 3051 Usenero
749 3002 808 3052 et
846 2999 1158 3054 editoribus
1187 2999 1504 3055 Austriacis
1541 3002 1823 3070 temptata
1852 3003 1999 3056 sunt.
2057 3015 2123 3053 ac
2149 2997 2396 3066 primum

354 3065 509 3133 quod
550 3067 763 3123 Usener
815 3070 1024 3125 conicit
1077 3074 1185 3138 τὴν
1236 3074 1419 3139 αὐτὴν
1440 3115 1457 3127 .
1479 3075 1742 3140 ..ἔχουσι
1792 3075 2025 3139 δύναμιν
2074 3071 2214 3137 πρὸς
2261 3070 2400 3132 τοὺς

350 3137 600 3203 ἀπόντας
635 3140 777 3208 (sive
818 3145 892 3208 μὴ
929 3145 1238 3212 παρόντας)
1275 3148 1346 3211 τῆ
1389 3146 1485 3199 ὅτε
1523 3148 1613 3198 καὶ
1648 3147 1951 3211 παρόντων
1980 3142 2208 3197 ἐκείνων
2236 3142 2397 3206 ὑφει-

349 3210 633 3275 στήκεσαν
687 3211 890 3266 melius
947 3231 1065 3267 esse
1123 3214 1352 3269 videtur
1407 3233 1580 3284 quam
1636 3215 1787 3282 quod
1839 3213 1926 3267 illi
1971 3211 2246 3282 praebent
2290 3212 2399 3276 τὴν

350 3281 531 3347 αὐτὴν
562 3325 575 3337 .
598 3324 611 3337 .
634 3324 647 3337 .
670 3325 683 3337 .
714 3286 905 3351 ἔχουσι
962 3288 1198 3353 δύναμιν
1247 3288 1390 3354 πρὸς
1433 3290 1569 3351 τοὺς
1614 3289 1898 3355 παρόντας
1940 3289 2010 3351 τῆ
2059 3285 2155 3337 ὅτε
2194 3286 2286 3337 καὶ
2325 3285 2398 3347 μὴ

348 3354 653 3419 παρόντων
700 3355 932 3410 ἐκείνων
970 3359 1406 3425 ὑφειστήκεσαν.
1480 3374 1663 3426 neque
1710 3357 1861 3411 enim
1897 3353 2191 3425 probatur,
2240 3370 2403 3422 prae-

348 3422 599 3478 sentium
643 3425 937 3482 hominum
985 3428 1244 3482 notiones
1291 3429 1444 3482 idem
1481 3429 1667 3482 valere
1706 3431 1877 3496 atque
1916 3424 2263 3489 absentium,
2301 3423 2402 3476 sed

348 3492 675 3550 absentium
712 3497 864 3553 idem
903 3501 1072 3568 atque
1110 3500 1513 3570 praesentium.
1590 3499 1687 3552 sed
1725 3498 1959 3552 Useneri
2008 3514 2231 3565 quoque
2277 3512 2398 3548 mu-

348 3564 495 3620 tatio
532 3568 752 3635 placere
790 3588 903 3625 non
940 3574 1145 3640 potest.
1220 3571 1360 3641 quid
1399 3571 1551 3625 enim
1588 3574 1690 3636 est,
1730 3570 1989 3623 notiones
2017 3568 2255 3622 eandem
2281 3565 2397 3618 vim

349 3635 557 3692 habere
602 3658 645 3694 π
654 3643 769 3709 ρὸς
805 3646 940 3708 τοὺς
961 3645 1225 3707 ἀπόντας
1255 3648 1325 3712 τῆ
1368 3643 1465 3698 ὅτε
1503 3647 1593 3697 καὶ
1630 3643 1933 3712 παρόντων
1970 3641 2201 3696 ἐκείνων
2239 3642 2399 3705 ὑφει-
