<?xml version="1.0" encoding="UTF-8"?>
<!DOCTYPE html PUBLIC "-//W3C//DTD XHTML 1.0 Transitional//EN"
    "http://www.w3.org/TR/xhtml1/DTD/xhtml1-transitional.dtd">
<html xmlns="http://www.w3.org/1999/xhtml" xml:lang="en" lang="en">
 <head>
  <title>
</title>
<meta http-equiv="Content-Type" content="text/html;charset=utf-8" />
  <meta name='ocr-system' content='tesseract 3.04.00' />
  <meta name='ocr-capabilities' content='ocr_page ocr_carea ocr_par ocr_line ocrx_word'/>
</head>
<body>
  <div class='ocr_page' id='page_1' title='image "./diogenisoenoand00oenogoog_0122.png"; bbox 0 0 2693 4100; ppageno 0'>
   <div class='ocr_carea' id='block_1_1' title="bbox 1203 226 1650 289">
    <p class='ocr_par' dir='ltr' id='par_1_1' title="bbox 1203 226 1650 289">
     <span class='ocr_line' id='line_1_1' title="bbox 1203 226 1650 289; baseline 0 -19"><span class='ocrx_word' id='word_1_1' title='bbox 1203 226 1650 289; x_wconf 71' lang='lat'>—72-</span> 
     </span>
    </p>
   </div>
   <div class='ocr_carea' id='block_1_2' title="bbox 403 383 2457 1449">
    <p class='ocr_par' dir='ltr' id='par_1_2' title="bbox 409 383 2457 594">
     <span class='ocr_line' id='line_1_2' title="bbox 409 383 2454 451; baseline -0.001 -14"><span class='ocrx_word' id='word_1_2' title='bbox 409 385 723 450; x_wconf 80' lang='grc' dir='ltr'>ὀφθαλμοῖς</span> <span class='ocrx_word' id='word_1_3' title='bbox 758 384 898 451; x_wconf 90' lang='grc' dir='ltr'>πρὸς</span> <span class='ocrx_word' id='word_1_4' title='bbox 931 386 1067 448; x_wconf 85' lang='grc' dir='ltr'>τοὺς</span> <span class='ocrx_word' id='word_1_5' title='bbox 1100 383 1428 451; x_wconf 86' lang='grc' dir='ltr'>πλουσίους,</span> <span class='ocrx_word' id='word_1_6' title='bbox 1467 385 1606 450; x_wconf 88' lang='grc' dir='ltr'>πρὸς</span> <span class='ocrx_word' id='word_1_7' title='bbox 1641 385 1775 446; x_wconf 85' lang='grc' dir='ltr'>τοὺς</span> <span class='ocrx_word' id='word_1_8' title='bbox 1801 384 2134 450; x_wconf 87' lang='grc' dir='ltr'>τυράννους)</span> <span class='ocrx_word' id='word_1_9' title='bbox 2165 385 2232 436; x_wconf 90' lang='grc' dir='ltr'>σύ</span> <span class='ocrx_word' id='word_1_10' title='bbox 2264 383 2315 437; x_wconf 80' lang='grc' dir='ltr'>δ’</span> <span class='ocrx_word' id='word_1_11' title='bbox 2343 385 2454 436; x_wconf 83' lang='grc' dir='ltr'>οὐκ</span> 
     </span>
     <span class='ocr_line' id='line_1_3' title="bbox 409 454 2457 524; baseline -0.001 -15"><span class='ocrx_word' id='word_1_12' title='bbox 409 456 665 524; x_wconf 84' lang='grc' dir='ltr'>ἐξελεύσῃ</span> <span class='ocrx_word' id='word_1_13' title='bbox 734 460 983 522; x_wconf 85' lang='grc' dir='ltr'>θαρρῶν,</span> <span class='ocrx_word' id='word_1_14' title='bbox 1051 457 1190 509; x_wconf 83' lang='grc' dir='ltr'>ἀλλὰ</span> <span class='ocrx_word' id='word_1_15' title='bbox 1253 458 1601 522; x_wconf 88' lang='grc' dir='ltr'>περιτρέμων</span> <span class='ocrx_word' id='word_1_16' title='bbox 1666 460 1783 518; x_wconf 82' lang='grc' dir='ltr'>τοῖς</span> <span class='ocrx_word' id='word_1_17' title='bbox 1848 454 2136 519; x_wconf 83' lang='grc' dir='ltr'>ἱματιδίοις</span> <span class='ocrx_word' id='word_1_18' title='bbox 2184 457 2276 508; x_wconf 86' lang='grc' dir='ltr'>καὶ</span> <span class='ocrx_word' id='word_1_19' title='bbox 2330 461 2457 518; x_wconf 84' lang='grc' dir='ltr'>τοῖς</span> 
     </span>
     <span class='ocr_line' id='line_1_4' title="bbox 409 527 2450 594; baseline -0.001 -14"><span class='ocrx_word' id='word_1_20' title='bbox 409 527 867 593; x_wconf 86' lang='grc' dir='ltr'>ἀργυρωματίοις,</span> <span class='ocrx_word' id='word_1_21' title='bbox 944 528 1211 594; x_wconf 79' lang='grc' dir='ltr'>δύστηνε,</span> <span class='ocrx_word' id='word_1_22' title='bbox 1241 528 1427 590; x_wconf 84' lang='grc' dir='ltr'>οὕτως</span> <span class='ocrx_word' id='word_1_23' title='bbox 1455 527 1749 589; x_wconf 84' lang='grc' dir='ltr'>ἀπώλεσας</span> <span class='ocrx_word' id='word_1_24' title='bbox 1774 527 1875 579; x_wconf 89' lang='grc' dir='ltr'>τὸν</span> <span class='ocrx_word' id='word_1_25' title='bbox 1907 527 2064 591; x_wconf 90' lang='grc' dir='ltr'>μέχρι</span> <span class='ocrx_word' id='word_1_26' title='bbox 2089 531 2193 579; x_wconf 82' lang='grc' dir='ltr'>νῦν</span> <span class='ocrx_word' id='word_1_27' title='bbox 2221 528 2450 593; x_wconf 86' lang='grc' dir='ltr'>χρόνον.</span> 
     </span>
    </p>

    <p class='ocr_par' dir='ltr' id='par_1_3' title="bbox 403 594 2455 1449">
     <span class='ocr_line' id='line_1_5' title="bbox 551 594 2454 665; baseline 0 -17"><span class='ocrx_word' id='word_1_28' title='bbox 551 615 601 650; x_wconf 86' lang='lat' dir='ltr'>v.</span> <span class='ocrx_word' id='word_1_29' title='bbox 635 603 700 651; x_wconf 88' lang='lat'>14</span> <span class='ocrx_word' id='word_1_30' title='bbox 756 598 1134 665; x_wconf 83' lang='grc' dir='ltr'>εὐσυνκρίτοις</span> <span class='ocrx_word' id='word_1_31' title='bbox 1187 613 1332 664; x_wconf 76' lang='lat' dir='ltr'>quae</span> <span class='ocrx_word' id='word_1_32' title='bbox 1387 614 1495 650; x_wconf 85' lang='lat' dir='ltr'>vox</span> <span class='ocrx_word' id='word_1_33' title='bbox 1538 596 1816 665; x_wconf 86' lang='lat' dir='ltr'>repetitur</span> <span class='ocrx_word' id='word_1_34' title='bbox 1870 595 1936 647; x_wconf 83' lang='lat' dir='ltr'>fr.</span> <span class='ocrx_word' id='word_1_35' title='bbox 1969 595 2022 647; x_wconf 90' lang='lat' dir='ltr'><strong>H</strong></span> <span class='ocrx_word' id='word_1_36' title='bbox 2068 594 2171 649; x_wconf 88' lang='lat' dir='ltr'>col.</span> <span class='ocrx_word' id='word_1_37' title='bbox 2200 596 2279 649; x_wconf 94' lang='grc' dir='ltr'>ΠΙ</span> <span class='ocrx_word' id='word_1_38' title='bbox 2333 613 2383 649; x_wconf 77' lang='lat' dir='ltr'>v,</span> <span class='ocrx_word' id='word_1_39' title='bbox 2418 603 2454 648; x_wconf 99' lang='lat'>4</span> 
     </span>
     <span class='ocr_line' id='line_1_6' title="bbox 407 667 2455 737; baseline -0 -15"><span class='ocrx_word' id='word_1_40' title='bbox 407 672 494 735; x_wconf 83' lang='lat'>(=</span> <span class='ocrx_word' id='word_1_41' title='bbox 525 668 640 722; x_wconf 90' lang='grc' dir='ltr'>ΗΚ</span> <span class='ocrx_word' id='word_1_42' title='bbox 679 674 747 722; x_wconf 87' lang='grc'>59</span> <span class='ocrx_word' id='word_1_43' title='bbox 775 668 827 720; x_wconf 93' lang='lat' dir='ltr'>II</span> <span class='ocrx_word' id='word_1_44' title='bbox 856 670 936 736; x_wconf 90' lang='grc'>4),</span> <span class='ocrx_word' id='word_1_45' title='bbox 976 669 1047 722; x_wconf 79' lang='lat' dir='ltr'>ab</span> <span class='ocrx_word' id='word_1_46' title='bbox 1077 668 1323 722; x_wconf 78' lang='lat' dir='ltr'><strong>Usenero</strong></span> <span class='ocrx_word' id='word_1_47' title='bbox 1361 686 1416 737; x_wconf 91' lang='lat' dir='ltr'>p.</span> <span class='ocrx_word' id='word_1_48' title='bbox 1438 674 1540 720; x_wconf 85' lang='grc'>431</span> <span class='ocrx_word' id='word_1_49' title='bbox 1573 667 1655 720; x_wconf 76' lang='lat' dir='ltr'>ita</span> <span class='ocrx_word' id='word_1_50' title='bbox 1684 667 2024 736; x_wconf 78' lang='lat' dir='ltr'>explicatur:</span> <span class='ocrx_word' id='word_1_51' title='bbox 2057 670 2455 735; x_wconf 84' lang='grc' dir='ltr'>,,εὐσύγκριτοι</span> 
     </span>
     <span class='ocr_line' id='line_1_7' title="bbox 408 738 2453 806; baseline -0.001 -13"><span class='ocrx_word' id='word_1_52' title='bbox 408 740 536 793; x_wconf 88' lang='lat' dir='ltr'>sind</span> <span class='ocrx_word' id='word_1_53' title='bbox 583 741 711 793; x_wconf 90' lang='lat' dir='ltr'>dem</span> <span class='ocrx_word' id='word_1_54' title='bbox 749 739 900 793; x_wconf 88' lang='lat' dir='ltr'>Verf.</span> <span class='ocrx_word' id='word_1_55' title='bbox 941 739 1033 794; x_wconf 89' lang='lat' dir='ltr'>die</span> <span class='ocrx_word' id='word_1_56' title='bbox 1068 738 1529 806; x_wconf 67' lang='lat' dir='ltr'>urteilsffihigen‚</span> <span class='ocrx_word' id='word_1_57' title='bbox 1579 739 1671 792; x_wconf 89' lang='lat' dir='ltr'>die</span> <span class='ocrx_word' id='word_1_58' title='bbox 1710 738 1870 791; x_wconf 85' lang='lat' dir='ltr'>Wert</span> <span class='ocrx_word' id='word_1_59' title='bbox 1905 739 2022 791; x_wconf 89' lang='lat' dir='ltr'>und</span> <span class='ocrx_word' id='word_1_60' title='bbox 2059 739 2291 792; x_wconf 79' lang='lat' dir='ltr'>Unwert</span> <span class='ocrx_word' id='word_1_61' title='bbox 2325 756 2453 792; x_wconf 86' lang='lat' dir='ltr'>ver·</span> 
     </span>
     <span class='ocr_line' id='line_1_8' title="bbox 407 809 2454 881; baseline -0 -17"><span class='ocrx_word' id='word_1_62' title='bbox 407 811 734 865; x_wconf 88' lang='lat' dir='ltr'>schiedener</span> <span class='ocrx_word' id='word_1_63' title='bbox 770 809 1327 881; x_wconf 58' lang='lat' dir='ltr'>Lebensgrundsatze</span> <span class='ocrx_word' id='word_1_64' title='bbox 1364 811 1728 864; x_wconf 80' lang='lat' dir='ltr'>abzumessen</span> <span class='ocrx_word' id='word_1_65' title='bbox 1765 813 2100 878; x_wconf 72' lang='lat' dir='ltr'>vermogen“</span> <span class='ocrx_word' id='word_1_66' title='bbox 2139 828 2265 864; x_wconf 88' lang='lat' dir='ltr'>cum</span> <span class='ocrx_word' id='word_1_67' title='bbox 2305 809 2454 863; x_wconf 79' lang='lat' dir='ltr'>acti-</span> 
     </span>
     <span class='ocr_line' id='line_1_9' title="bbox 406 880 2451 1007; baseline 0 -73"><span class='ocrx_word' id='word_1_68' title='bbox 406 900 544 1006; x_wconf 44' lang='lat' dir='ltr'>vap}</span> <span class='ocrx_word' id='word_1_69' title='bbox 580 881 1051 1006; x_wconf 49' lang='lat' dir='ltr'>significationie?</span> <span class='ocrx_word' id='word_1_70' title='bbox 1095 883 1161 935; x_wconf 87' lang='lat' dir='ltr'>ut</span> <span class='ocrx_word' id='word_1_71' title='bbox 1207 882 1430 965; x_wconf 77' lang='lat' dir='ltr'>videtur</span> <span class='ocrx_word' id='word_1_72' title='bbox 1473 882 1600 936; x_wconf 85' lang='lat' dir='ltr'>voci</span> <span class='ocrx_word' id='word_1_73' title='bbox 1646 881 1880 1007; x_wconf 56' lang='lat' dir='ltr'>tributaot.</span> <span class='ocrx_word' id='word_1_74' title='bbox 1911 952 1921 963; x_wconf 44' lang='lat'><strong>·</strong></span> <span class='ocrx_word' id='word_1_75' title='bbox 1976 881 2089 934; x_wconf 79' lang='lat' dir='ltr'>alia</span> <span class='ocrx_word' id='word_1_76' title='bbox 2138 880 2451 1005; x_wconf 55' lang='lat' dir='ltr'>explicatio</span> 
     </span>
     <span class='ocr_line' id='line_1_10' title="bbox 407 968 2452 1008; baseline 0.001 -2"><span class='ocrx_word' id='word_1_77' title='bbox 407 972 487 1007; x_wconf 82' lang='lat' dir='ltr'>mi</span> <span class='ocrx_word' id='word_1_78' title='bbox 529 972 550 1006; x_wconf 89' lang='lat'>1</span> <span class='ocrx_word' id='word_1_79' title='bbox 597 972 691 1006; x_wconf 81' lang='lat' dir='ltr'>ma.</span> <span class='ocrx_word' id='word_1_80' title='bbox 754 972 779 1007; x_wconf 88' lang='lat' dir='ltr'>s</span> <span class='ocrx_word' id='word_1_81' title='bbox 815 971 927 1006; x_wconf 76' lang='lat' dir='ltr'>arn</span> <span class='ocrx_word' id='word_1_82' title='bbox 970 972 1000 1007; x_wconf 90' lang='lat' dir='ltr'>e</span> <span class='ocrx_word' id='word_1_83' title='bbox 1029 995 1043 1007; x_wconf 88' lang='lat'><strong>.</strong></span> <span class='ocrx_word' id='word_1_84' title='bbox 1132 969 1323 1007; x_wconf 80' lang='lat' dir='ltr'>omnia</span> <span class='ocrx_word' id='word_1_85' title='bbox 1354 970 1436 1007; x_wconf 82' lang='lat' dir='ltr'>co</span> <span class='ocrx_word' id='word_1_86' title='bbox 1507 970 1606 1007; x_wconf 81' lang='lat' dir='ltr'>ora</span> <span class='ocrx_word' id='word_1_87' title='bbox 1643 970 1711 1007; x_wconf 84' lang='lat' dir='ltr'>ex</span> <span class='ocrx_word' id='word_1_88' title='bbox 1749 969 1783 1006; x_wconf 79' lang='lat' dir='ltr'><strong>a</strong></span> <span class='ocrx_word' id='word_1_89' title='bbox 1847 969 1954 1005; x_wconf 82' lang='lat' dir='ltr'>mis</span> <span class='ocrx_word' id='word_1_90' title='bbox 2004 969 2203 1006; x_wconf 87' lang='lat' dir='ltr'>concre</span> <span class='ocrx_word' id='word_1_91' title='bbox 2231 969 2266 1006; x_wconf 80' lang='lat' dir='ltr'><strong>a</strong></span> <span class='ocrx_word' id='word_1_92' title='bbox 2315 968 2350 1008; x_wconf 93' lang='grc' dir='ltr'>σ</span> <span class='ocrx_word' id='word_1_93' title='bbox 2429 984 2452 993; x_wconf 88' lang='grc'><strong>-</strong></span> 
     </span>
     <span class='ocr_line' id='line_1_11' title="bbox 408 971 2454 1093; baseline 0 -14"><span class='ocrx_word' id='word_1_94' title='bbox 408 1039 585 1093; x_wconf 93' lang='grc' dir='ltr'>κρισιν</span> <span class='ocrx_word' id='word_1_95' title='bbox 651 972 856 1079; x_wconf 56' lang='lat' dir='ltr'>vgtlzant</span> <span class='ocrx_word' id='word_1_96' title='bbox 918 1025 1195 1093; x_wconf 79' lang='lat' dir='ltr'>Epicurei.</span> <span class='ocrx_word' id='word_1_97' title='bbox 1289 971 1606 1092; x_wconf 66' lang='lat' dir='ltr'>atquiers.</span> <span class='ocrx_word' id='word_1_98' title='bbox 1664 1024 1730 1077; x_wconf 87' lang='lat' dir='ltr'>fr.</span> <span class='ocrx_word' id='word_1_99' title='bbox 1768 1029 1870 1077; x_wconf 84' lang='grc'>178</span> <span class='ocrx_word' id='word_1_100' title='bbox 1924 1023 2166 1092; x_wconf 88' lang='lat' dir='ltr'>legimus</span> <span class='ocrx_word' id='word_1_101' title='bbox 2232 971 2454 1092; x_wconf 50' lang='lat' dir='ltr'>par-&#39;oga</span> 
     </span>
     <span class='ocr_line' id='line_1_12' title="bbox 407 1096 2454 1165; baseline 0 -15"><span class='ocrx_word' id='word_1_102' title='bbox 407 1100 741 1165; x_wconf 83' lang='grc' dir='ltr'>σοφώτερον</span> <span class='ocrx_word' id='word_1_103' title='bbox 776 1097 1099 1165; x_wconf 84' lang='grc' dir='ltr'>Ἐπικούρου</span> <span class='ocrx_word' id='word_1_104' title='bbox 1129 1100 1418 1162; x_wconf 89' lang='grc' dir='ltr'>γεγονέναι</span> <span class='ocrx_word' id='word_1_105' title='bbox 1449 1097 1577 1165; x_wconf 85' lang='grc' dir='ltr'>μηδ’</span> <span class='ocrx_word' id='word_1_106' title='bbox 1605 1099 1762 1165; x_wconf 83' lang='grc' dir='ltr'>εἶναι,</span> <span class='ocrx_word' id='word_1_107' title='bbox 1800 1099 1834 1162; x_wconf 87' lang='grc' dir='ltr'><strong>ἡ</strong></span> <span class='ocrx_word' id='word_1_108' title='bbox 1877 1098 1939 1149; x_wconf 84' lang='grc' dir='ltr'>δὲ</span> <span class='ocrx_word' id='word_1_109' title='bbox 1978 1096 2161 1163; x_wconf 87' lang='grc' dir='ltr'>μήτηρ</span> <span class='ocrx_word' id='word_1_110' title='bbox 2200 1098 2454 1162; x_wconf 88' lang='grc' dir='ltr'>ἀτόμους</span> 
     </span>
     <span class='ocr_line' id='line_1_13' title="bbox 405 1167 2447 1237; baseline -0 -15"><span class='ocrx_word' id='word_1_111' title='bbox 405 1172 568 1235; x_wconf 79' lang='grc' dir='ltr'>ἔσχεν</span> <span class='ocrx_word' id='word_1_112' title='bbox 606 1171 667 1222; x_wconf 82' lang='grc' dir='ltr'>ἐν</span> <span class='ocrx_word' id='word_1_113' title='bbox 706 1170 849 1237; x_wconf 80' lang='grc' dir='ltr'>αὐτῇ</span> <span class='ocrx_word' id='word_1_114' title='bbox 888 1170 1194 1232; x_wconf 82' lang='grc' dir='ltr'>τοσαύτας,</span> <span class='ocrx_word' id='word_1_115' title='bbox 1234 1167 1346 1222; x_wconf 84' lang='grc' dir='ltr'>οἷαι</span> <span class='ocrx_word' id='word_1_116' title='bbox 1386 1171 1754 1222; x_wconf 84' lang='grc' dir='ltr'>συνελθοῦσαι</span> <span class='ocrx_word' id='word_1_117' title='bbox 1792 1169 1976 1234; x_wconf 80' lang='grc' dir='ltr'>σοφὸν</span> <span class='ocrx_word' id='word_1_118' title='bbox 2007 1169 2076 1219; x_wconf 90' lang='grc' dir='ltr'>ἂν</span> <span class='ocrx_word' id='word_1_119' title='bbox 2106 1169 2447 1234; x_wconf 75' lang='grc' dir='ltr'>ἑγέννησανς</span> 
     </span>
     <span class='ocr_line' id='line_1_14' title="bbox 407 1238 2451 1309; baseline -0.001 -16"><span class='ocrx_word' id='word_1_120' title='bbox 407 1240 505 1293; x_wconf 80' lang='lat' dir='ltr'>cfr.</span> <span class='ocrx_word' id='word_1_121' title='bbox 534 1238 700 1309; x_wconf 87' lang='lat' dir='ltr'>Diog.</span> <span class='ocrx_word' id='word_1_122' title='bbox 729 1239 911 1293; x_wconf 79' lang='lat' dir='ltr'>Laert.</span> <span class='ocrx_word' id='word_1_123' title='bbox 942 1239 991 1292; x_wconf 92' lang='lat' dir='ltr'>X</span> <span class='ocrx_word' id='word_1_124' title='bbox 1024 1245 1123 1291; x_wconf 84' lang='lat'>117</span> <span class='ocrx_word' id='word_1_125' title='bbox 1157 1242 1290 1294; x_wconf 81' lang='grc' dir='ltr'>οὐδὲ</span> <span class='ocrx_word' id='word_1_126' title='bbox 1329 1243 1439 1307; x_wconf 85' lang='grc' dir='ltr'>μὴν</span> <span class='ocrx_word' id='word_1_127' title='bbox 1470 1241 1531 1293; x_wconf 81' lang='grc' dir='ltr'>ἐκ</span> <span class='ocrx_word' id='word_1_128' title='bbox 1558 1241 1744 1306; x_wconf 87' lang='grc' dir='ltr'>πάσης</span> <span class='ocrx_word' id='word_1_129' title='bbox 1772 1242 2033 1303; x_wconf 85' lang='grc' dir='ltr'>σώματος</span> <span class='ocrx_word' id='word_1_130' title='bbox 2061 1238 2228 1303; x_wconf 83' lang='grc' dir='ltr'>ἕξεως</span> <span class='ocrx_word' id='word_1_131' title='bbox 2256 1241 2451 1306; x_wconf 90' lang='grc' dir='ltr'>σοφὸν</span> 
     </span>
     <span class='ocr_line' id='line_1_15' title="bbox 403 1307 2452 1379; baseline -0.001 -14"><span class='ocrx_word' id='word_1_132' title='bbox 403 1315 678 1376; x_wconf 89' lang='grc' dir='ltr'>γενέσθαι.</span> <span class='ocrx_word' id='word_1_133' title='bbox 731 1313 1079 1379; x_wconf 85' lang='grc' dir='ltr'>εὐσύνκριτοι</span> <span class='ocrx_word' id='word_1_134' title='bbox 1114 1310 1134 1362; x_wconf 90' lang='lat' dir='ltr'>i</span> <span class='ocrx_word' id='word_1_135' title='bbox 1182 1310 1292 1363; x_wconf 83' lang='lat' dir='ltr'>‘tur</span> <span class='ocrx_word' id='word_1_136' title='bbox 1327 1311 1591 1364; x_wconf 86' lang='lat' dir='ltr'>videntur</span> <span class='ocrx_word' id='word_1_137' title='bbox 1627 1326 1748 1364; x_wconf 85' lang='lat' dir='ltr'>esse</span> <span class='ocrx_word' id='word_1_138' title='bbox 1775 1309 1875 1379; x_wconf 83' lang='lat' dir='ltr'>qui</span> <span class='ocrx_word' id='word_1_139' title='bbox 1904 1324 1971 1362; x_wconf 86' lang='lat' dir='ltr'>ex</span> <span class='ocrx_word' id='word_1_140' title='bbox 1999 1307 2209 1362; x_wconf 77' lang='lat' dir='ltr'>talibus</span> <span class='ocrx_word' id='word_1_141' title='bbox 2239 1310 2452 1363; x_wconf 79' lang='lat' dir='ltr'>atomis</span> 
     </span>
     <span class='ocr_line' id='line_1_16' title="bbox 404 1381 1930 1449; baseline -0.001 -13"><span class='ocrx_word' id='word_1_142' title='bbox 404 1382 653 1436; x_wconf 75' lang='lat' dir='ltr'>concreti</span> <span class='ocrx_word' id='word_1_143' title='bbox 690 1384 840 1448; x_wconf 80' lang='lat' dir='ltr'>sunt,</span> <span class='ocrx_word' id='word_1_144' title='bbox 878 1381 1072 1449; x_wconf 80' lang='lat' dir='ltr'>quales</span> <span class='ocrx_word' id='word_1_145' title='bbox 1111 1398 1142 1436; x_wconf 91' lang='lat' dir='ltr'>e</span> <span class='ocrx_word' id='word_1_146' title='bbox 1169 1381 1365 1435; x_wconf 78' lang='lat' dir='ltr'>ficiant</span> <span class='ocrx_word' id='word_1_147' title='bbox 1400 1381 1686 1435; x_wconf 88' lang='lat' dir='ltr'>hominem</span> <span class='ocrx_word' id='word_1_148' title='bbox 1725 1384 1930 1449; x_wconf 82' lang='grc' dir='ltr'>εὐφυῆ.</span> 
     </span>
    </p>
   </div>
   <div class='ocr_carea' id='block_1_3' title="bbox 403 1467 2449 1826">
    <p class='ocr_par' dir='ltr' id='par_1_4' title="bbox 548 1467 2372 1540">
     <span class='ocr_line' id='line_1_17' title="bbox 548 1467 2372 1540; baseline -0.001 -16"><span class='ocrx_word' id='word_1_149' title='bbox 548 1471 652 1525; x_wconf 91' lang='lat' dir='ltr'>col.</span> <span class='ocrx_word' id='word_1_150' title='bbox 680 1470 759 1523; x_wconf 91' lang='grc' dir='ltr'>ΠΙ</span> <span class='ocrx_word' id='word_1_151' title='bbox 795 1488 843 1523; x_wconf 78' lang='lat' dir='ltr'>v,</span> <span class='ocrx_word' id='word_1_152' title='bbox 875 1476 906 1522; x_wconf 79' lang='lat'><strong>2</strong></span> <span class='ocrx_word' id='word_1_153' title='bbox 947 1471 1115 1540; x_wconf 82' lang='grc' dir='ltr'>αἰτία]</span> <span class='ocrx_word' id='word_1_154' title='bbox 1151 1476 1255 1537; x_wconf 87' lang='grc' dir='ltr'>τῆς</span> <span class='ocrx_word' id='word_1_155' title='bbox 1290 1477 1516 1538; x_wconf 80' lang='grc' dir='ltr'>γραφῆς</span> <span class='ocrx_word' id='word_1_156' title='bbox 1552 1471 1649 1525; x_wconf 85' lang='lat' dir='ltr'>cfr.</span> <span class='ocrx_word' id='word_1_157' title='bbox 1691 1470 1757 1524; x_wconf 88' lang='lat' dir='ltr'>fr.</span> <span class='ocrx_word' id='word_1_158' title='bbox 1792 1469 1846 1534; x_wconf 78' lang='grc' dir='ltr'>ΙΙ</span> <span class='ocrx_word' id='word_1_159' title='bbox 1882 1467 1986 1522; x_wconf 92' lang='lat' dir='ltr'>col.</span> <span class='ocrx_word' id='word_1_160' title='bbox 2017 1469 2041 1520; x_wconf 97' lang='lat' dir='ltr'>I</span> <span class='ocrx_word' id='word_1_161' title='bbox 2079 1486 2126 1521; x_wconf 83' lang='lat' dir='ltr'>v,</span> <span class='ocrx_word' id='word_1_162' title='bbox 2161 1475 2225 1522; x_wconf 85' lang='lat'>13</span> <span class='ocrx_word' id='word_1_163' title='bbox 2247 1488 2372 1539; x_wconf 89' lang='lat' dir='ltr'>sqq.</span> 
     </span>
    </p>

    <p class='ocr_par' dir='ltr' id='par_1_5' title="bbox 403 1540 2449 1826">
     <span class='ocr_line' id='line_1_18' title="bbox 547 1540 2449 1611; baseline -0.001 -16"><span class='ocrx_word' id='word_1_164' title='bbox 547 1561 596 1596; x_wconf 82' lang='lat' dir='ltr'>v,</span> <span class='ocrx_word' id='word_1_165' title='bbox 627 1550 659 1595; x_wconf 88' lang='lat'>4</span> <span class='ocrx_word' id='word_1_166' title='bbox 698 1544 877 1610; x_wconf 85' lang='grc' dir='ltr'>φόβος</span> <span class='ocrx_word' id='word_1_167' title='bbox 914 1543 985 1597; x_wconf 79' lang='grc' dir='ltr'>ἐκ</span> <span class='ocrx_word' id='word_1_168' title='bbox 1014 1544 1285 1611; x_wconf 89' lang='grc' dir='ltr'>θανάτου]</span> <span class='ocrx_word' id='word_1_169' title='bbox 1317 1542 1416 1596; x_wconf 88' lang='lat' dir='ltr'>cfr.</span> <span class='ocrx_word' id='word_1_170' title='bbox 1446 1543 1512 1595; x_wconf 84' lang='lat' dir='ltr'>fr.</span> <span class='ocrx_word' id='word_1_171' title='bbox 1537 1541 1713 1595; x_wconf 81' lang='lat' dir='ltr'>XXIX</span> <span class='ocrx_word' id='word_1_172' title='bbox 1743 1540 1847 1596; x_wconf 91' lang='lat' dir='ltr'>col.</span> <span class='ocrx_word' id='word_1_173' title='bbox 1867 1540 1920 1593; x_wconf 93' lang='lat' dir='ltr'>II</span> <span class='ocrx_word' id='word_1_174' title='bbox 1956 1558 2004 1592; x_wconf 88' lang='lat' dir='ltr'>v.</span> <span class='ocrx_word' id='word_1_175' title='bbox 2030 1547 2054 1592; x_wconf 92' lang='lat'>1</span> <span class='ocrx_word' id='word_1_176' title='bbox 2108 1543 2278 1608; x_wconf 87' lang='grc' dir='ltr'>φόβοι</span> <span class='ocrx_word' id='word_1_177' title='bbox 2317 1544 2449 1611; x_wconf 88' lang='grc' dir='ltr'>μέ]ν</span> 
     </span>
     <span class='ocr_line' id='line_1_19' title="bbox 403 1613 2443 1682; baseline -0.001 -13"><span class='ocrx_word' id='word_1_178' title='bbox 403 1616 541 1669; x_wconf 90' lang='grc' dir='ltr'>εἰσιν</span> <span class='ocrx_word' id='word_1_179' title='bbox 579 1617 610 1667; x_wconf 99' lang='lat'>6</span> <span class='ocrx_word' id='word_1_180' title='bbox 652 1615 776 1682; x_wconf 83' lang='grc' dir='ltr'>μ]ὲν</span> <span class='ocrx_word' id='word_1_181' title='bbox 815 1616 885 1667; x_wconf 81' lang='grc' dir='ltr'>ἐκ</span> <span class='ocrx_word' id='word_1_182' title='bbox 923 1619 1086 1682; x_wconf 85' lang='grc' dir='ltr'>θεῶν,</span> <span class='ocrx_word' id='word_1_183' title='bbox 1126 1616 1158 1667; x_wconf 89' lang='lat'>6</span> <span class='ocrx_word' id='word_1_184' title='bbox 1197 1615 1272 1682; x_wconf 81' lang='grc' dir='ltr'>[δ’</span> <span class='ocrx_word' id='word_1_185' title='bbox 1308 1616 1437 1668; x_wconf 90' lang='grc' dir='ltr'>ἀπὸ</span> <span class='ocrx_word' id='word_1_186' title='bbox 1466 1616 1737 1682; x_wconf 86' lang='grc' dir='ltr'>θα]νάτου</span> <span class='ocrx_word' id='word_1_187' title='bbox 1777 1616 1807 1667; x_wconf 91' lang='lat'>6</span> <span class='ocrx_word' id='word_1_188' title='bbox 1848 1614 1899 1666; x_wconf 74' lang='grc' dir='ltr'>δ’</span> <span class='ocrx_word' id='word_1_189' title='bbox 1946 1613 2052 1666; x_wconf 84' lang='grc' dir='ltr'>ἀπ’</span> <span class='ocrx_word' id='word_1_190' title='bbox 2089 1613 2443 1679; x_wconf 79' lang='grc' dir='ltr'>ἀλγηδόνων.</span> 
     </span>
     <span class='ocr_line' id='line_1_20' title="bbox 404 1682 2449 1754; baseline -0 -15"><span class='ocrx_word' id='word_1_191' title='bbox 404 1686 651 1739; x_wconf 79' lang='lat' dir='ltr'>conicias</span> <span class='ocrx_word' id='word_1_192' title='bbox 689 1685 862 1738; x_wconf 76' lang='lat' dir='ltr'>etiam</span> <span class='ocrx_word' id='word_1_193' title='bbox 900 1687 1130 1754; x_wconf 90' lang='grc' dir='ltr'>[φό]βον</span> <span class='ocrx_word' id='word_1_194' title='bbox 1178 1687 1238 1738; x_wconf 80' lang='grc' dir='ltr'>ἐκ</span> <span class='ocrx_word' id='word_1_195' title='bbox 1284 1688 1496 1754; x_wconf 84' lang='grc' dir='ltr'>θ[εῶν].</span> <span class='ocrx_word' id='word_1_196' title='bbox 1572 1687 1628 1737; x_wconf 85' lang='lat' dir='ltr'>et</span> <span class='ocrx_word' id='word_1_197' title='bbox 1674 1700 1865 1739; x_wconf 75' lang='lat' dir='ltr'>revera</span> <span class='ocrx_word' id='word_1_198' title='bbox 1914 1684 2020 1737; x_wconf 76' lang='lat' dir='ltr'>hac</span> <span class='ocrx_word' id='word_1_199' title='bbox 2059 1682 2449 1751; x_wconf 79' lang='lat' dir='ltr'>disputatione</span> 
     </span>
     <span class='ocr_line' id='line_1_21' title="bbox 403 1754 2447 1826; baseline -0.001 -16"><span class='ocrx_word' id='word_1_200' title='bbox 403 1758 473 1810; x_wconf 86' lang='lat' dir='ltr'>de</span> <span class='ocrx_word' id='word_1_201' title='bbox 513 1757 601 1809; x_wconf 87' lang='lat' dir='ltr'>dis</span> <span class='ocrx_word' id='word_1_202' title='bbox 640 1756 764 1826; x_wconf 82' lang='lat' dir='ltr'>agit</span> <span class='ocrx_word' id='word_1_203' title='bbox 806 1756 1047 1826; x_wconf 74' lang='lat' dir='ltr'>scriptor</span> <span class='ocrx_word' id='word_1_204' title='bbox 1084 1756 1170 1826; x_wconf 87' lang='lat' dir='ltr'>(fr.</span> <span class='ocrx_word' id='word_1_205' title='bbox 1201 1755 1341 1825; x_wconf 76' lang='lat' dir='ltr'>XII),</span> <span class='ocrx_word' id='word_1_206' title='bbox 1380 1757 1478 1810; x_wconf 88' lang='lat' dir='ltr'>sed</span> <span class='ocrx_word' id='word_1_207' title='bbox 1517 1756 1783 1809; x_wconf 85' lang='lat' dir='ltr'>nimirum</span> <span class='ocrx_word' id='word_1_208' title='bbox 1830 1756 1981 1809; x_wconf 84' lang='lat' dir='ltr'>idem</span> <span class='ocrx_word' id='word_1_209' title='bbox 2032 1754 2102 1807; x_wconf 87' lang='lat' dir='ltr'>de</span> <span class='ocrx_word' id='word_1_210' title='bbox 2151 1754 2344 1807; x_wconf 78' lang='lat' dir='ltr'>anima</span> <span class='ocrx_word' id='word_1_211' title='bbox 2384 1759 2447 1810; x_wconf 82' lang='lat' dir='ltr'>et</span> 
     </span>
    </p>
   </div>
   <div class='ocr_carea' id='block_1_4' title="bbox 399 1829 2449 2325">
    <p class='ocr_par' dir='ltr' id='par_1_6' title="bbox 403 1829 600 1882">
     <span class='ocr_line' id='line_1_22' title="bbox 403 1829 600 1882; baseline -0.005 -1"><span class='ocrx_word' id='word_1_212' title='bbox 403 1829 600 1882; x_wconf 71' lang='lat' dir='ltr'>morte.</span> 
     </span>
    </p>

    <p class='ocr_par' dir='ltr' id='par_1_7' title="bbox 403 1898 2449 2038">
     <span class='ocr_line' id='line_1_23' title="bbox 546 1898 2449 1968; baseline 0.001 -17"><span class='ocrx_word' id='word_1_213' title='bbox 546 1918 594 1953; x_wconf 81' lang='lat' dir='ltr'>v.</span> <span class='ocrx_word' id='word_1_214' title='bbox 630 1905 657 1951; x_wconf 85' lang='lat'><strong>7</strong></span> <span class='ocrx_word' id='word_1_215' title='bbox 697 1901 995 1968; x_wconf 86' lang='grc' dir='ltr'>κα[τέχειν]</span> <span class='ocrx_word' id='word_1_216' title='bbox 1034 1901 1100 1952; x_wconf 87' lang='lat' dir='ltr'>ut</span> <span class='ocrx_word' id='word_1_217' title='bbox 1136 1898 1201 1952; x_wconf 86' lang='lat' dir='ltr'>fr.</span> <span class='ocrx_word' id='word_1_218' title='bbox 1232 1898 1283 1951; x_wconf 94' lang='lat' dir='ltr'>II</span> <span class='ocrx_word' id='word_1_219' title='bbox 1335 1899 1438 1952; x_wconf 89' lang='lat' dir='ltr'>col.</span> <span class='ocrx_word' id='word_1_220' title='bbox 1470 1898 1547 1951; x_wconf 92' lang='lat' dir='ltr'>VI</span> <span class='ocrx_word' id='word_1_221' title='bbox 1599 1917 1647 1952; x_wconf 76' lang='lat' dir='ltr'>v.</span> <span class='ocrx_word' id='word_1_222' title='bbox 1680 1904 1711 1952; x_wconf 83' lang='lat'>5</span> <span class='ocrx_word' id='word_1_223' title='bbox 1749 1901 1882 1963; x_wconf 85' lang='grc' dir='ltr'>τοὺς</span> <span class='ocrx_word' id='word_1_224' title='bbox 1912 1941 1922 1951; x_wconf 92' lang='grc'><strong>.</strong></span> <span class='ocrx_word' id='word_1_225' title='bbox 1959 1943 1968 1952; x_wconf 94' lang='grc'><strong>.</strong></span> <span class='ocrx_word' id='word_1_226' title='bbox 2003 1942 2014 1952; x_wconf 94' lang='grc'><em>.</em></span> <span class='ocrx_word' id='word_1_227' title='bbox 2050 1900 2449 1967; x_wconf 61' lang='grc' dir='ltr'>κατ[έχον]τας</span> 
     </span>
     <span class='ocr_line' id='line_1_24' title="bbox 403 1973 817 2038; baseline -0.007 0"><span class='ocrx_word' id='word_1_228' title='bbox 403 1975 550 2038; x_wconf 82' lang='grc' dir='ltr'>ἡμᾶς</span> <span class='ocrx_word' id='word_1_229' title='bbox 587 1973 817 2038; x_wconf 80' lang='grc' dir='ltr'>φόβους.</span> 
     </span>
    </p>

    <p class='ocr_par' dir='ltr' id='par_1_8' title="bbox 399 2040 2448 2325">
     <span class='ocr_line' id='line_1_25' title="bbox 544 2040 2448 2112; baseline 0 -17"><span class='ocrx_word' id='word_1_230' title='bbox 544 2062 592 2096; x_wconf 90' lang='lat' dir='ltr'>v.</span> <span class='ocrx_word' id='word_1_231' title='bbox 626 2047 694 2097; x_wconf 87' lang='lat'>14</span> <span class='ocrx_word' id='word_1_232' title='bbox 732 2042 884 2111; x_wconf 87' lang='lat' dir='ltr'>quod</span> <span class='ocrx_word' id='word_1_233' title='bbox 921 2059 1107 2095; x_wconf 77' lang='lat' dir='ltr'>veram</span> <span class='ocrx_word' id='word_1_234' title='bbox 1144 2041 1495 2112; x_wconf 80' lang='lat' dir='ltr'>voluptatem</span> <span class='ocrx_word' id='word_1_235' title='bbox 1542 2040 1732 2107; x_wconf 81' lang='lat' dir='ltr'>efficit,</span> <span class='ocrx_word' id='word_1_236' title='bbox 1781 2044 1992 2111; x_wconf 83' lang='grc' dir='ltr'>ἀφοβία</span> <span class='ocrx_word' id='word_1_237' title='bbox 2037 2041 2125 2098; x_wconf 88' lang='lat' dir='ltr'>vel</span> <span class='ocrx_word' id='word_1_238' title='bbox 2173 2042 2448 2109; x_wconf 82' lang='grc' dir='ltr'>ἀταραξία</span> 
     </span>
     <span class='ocr_line' id='line_1_26' title="bbox 401 2113 2444 2181; baseline -0 -14"><span class='ocrx_word' id='word_1_239' title='bbox 401 2117 503 2178; x_wconf 85' lang='lat' dir='ltr'>est,</span> <span class='ocrx_word' id='word_1_240' title='bbox 552 2132 679 2168; x_wconf 89' lang='lat' dir='ltr'>cum</span> <span class='ocrx_word' id='word_1_241' title='bbox 725 2116 894 2168; x_wconf 78' lang='lat' dir='ltr'>antea</span> <span class='ocrx_word' id='word_1_242' title='bbox 938 2114 1008 2167; x_wconf 87' lang='lat' dir='ltr'>de</span> <span class='ocrx_word' id='word_1_243' title='bbox 1045 2116 1201 2168; x_wconf 83' lang='lat' dir='ltr'>metu</span> <span class='ocrx_word' id='word_1_244' title='bbox 1237 2113 1526 2181; x_wconf 70' lang='lat' dir='ltr'>loquatur-3</span> <span class='ocrx_word' id='word_1_245' title='bbox 1567 2113 1664 2167; x_wconf 82' lang='lat' dir='ltr'>cfr.</span> <span class='ocrx_word' id='word_1_246' title='bbox 1703 2113 1770 2166; x_wconf 87' lang='lat' dir='ltr'>fr.</span> <span class='ocrx_word' id='word_1_247' title='bbox 1799 2113 1851 2166; x_wconf 93' lang='lat'>11</span> <span class='ocrx_word' id='word_1_248' title='bbox 1890 2114 1994 2168; x_wconf 92' lang='lat' dir='ltr'>col.</span> <span class='ocrx_word' id='word_1_249' title='bbox 2024 2114 2050 2167; x_wconf 99' lang='grc' dir='ltr'>Ι</span> <span class='ocrx_word' id='word_1_250' title='bbox 2086 2133 2135 2167; x_wconf 87' lang='lat' dir='ltr'>v.</span> <span class='ocrx_word' id='word_1_251' title='bbox 2170 2119 2200 2166; x_wconf 89' lang='grc'>9</span> <span class='ocrx_word' id='word_1_252' title='bbox 2248 2116 2328 2178; x_wconf 85' lang='grc' dir='ltr'>ὡς</span> <span class='ocrx_word' id='word_1_253' title='bbox 2373 2116 2444 2167; x_wconf 90' lang='grc' dir='ltr'>τὸ</span> 
     </span>
     <span class='ocr_line' id='line_1_27' title="bbox 399 2186 2443 2253; baseline -0 -14"><span class='ocrx_word' id='word_1_254' title='bbox 399 2192 468 2253; x_wconf 83' lang='grc' dir='ltr'>τῆ</span> <span class='ocrx_word' id='word_1_255' title='bbox 510 2189 679 2253; x_wconf 91' lang='grc' dir='ltr'>φύσει</span> <span class='ocrx_word' id='word_1_256' title='bbox 729 2188 1045 2253; x_wconf 83' lang='grc' dir='ltr'>συμφέρον,</span> <span class='ocrx_word' id='word_1_257' title='bbox 1095 2188 1232 2253; x_wconf 88' lang='grc' dir='ltr'>ὅπερ</span> <span class='ocrx_word' id='word_1_258' title='bbox 1282 2187 1434 2239; x_wconf 80' lang='grc' dir='ltr'>ἐστὶν</span> <span class='ocrx_word' id='word_1_259' title='bbox 1473 2186 1763 2252; x_wconf 82' lang='grc' dir='ltr'>ἀταραξία,</span> <span class='ocrx_word' id='word_1_260' title='bbox 1814 2190 1903 2240; x_wconf 80' lang='grc' dir='ltr'>καὶ</span> <span class='ocrx_word' id='word_1_261' title='bbox 1950 2188 2031 2240; x_wconf 81' lang='grc' dir='ltr'>ἑνὶ</span> <span class='ocrx_word' id='word_1_262' title='bbox 2069 2189 2159 2240; x_wconf 87' lang='grc' dir='ltr'>καί</span> <span class='ocrx_word' id='word_1_263' title='bbox 2196 2190 2333 2239; x_wconf 84' lang='grc' dir='ltr'>πᾶσι</span> <span class='ocrx_word' id='word_1_264' title='bbox 2372 2187 2443 2238; x_wconf 88' lang='grc' dir='ltr'>τὸ</span> 
     </span>
     <span class='ocr_line' id='line_1_28' title="bbox 401 2258 1486 2325; baseline -0.001 -15"><span class='ocrx_word' id='word_1_265' title='bbox 401 2258 542 2311; x_wconf 82' lang='grc' dir='ltr'>αὐτό</span> <span class='ocrx_word' id='word_1_266' title='bbox 582 2259 733 2311; x_wconf 82' lang='grc' dir='ltr'>ἐστιν</span> <span class='ocrx_word' id='word_1_267' title='bbox 770 2259 1066 2325; x_wconf 80' lang='grc' dir='ltr'>(δεικνύειν</span> <span class='ocrx_word' id='word_1_268' title='bbox 1102 2259 1486 2324; x_wconf 89' lang='grc' dir='ltr'>πειρώμενος).</span> 
     </span>
    </p>
   </div>
   <div class='ocr_carea' id='block_1_5' title="bbox 396 2362 2445 3146">
    <p class='ocr_par' dir='ltr' id='par_1_9' title="bbox 397 2362 2445 2703">
     <span class='ocr_line' id='line_1_29' title="bbox 543 2362 2444 2432; baseline -0.001 -15"><span class='ocrx_word' id='word_1_269' title='bbox 543 2364 626 2417; x_wconf 85' lang='lat' dir='ltr'>fr.</span> <span class='ocrx_word' id='word_1_270' title='bbox 649 2364 714 2417; x_wconf 93' lang='lat'>11</span> <span class='ocrx_word' id='word_1_271' title='bbox 753 2363 857 2418; x_wconf 90' lang='lat' dir='ltr'>col.</span> <span class='ocrx_word' id='word_1_272' title='bbox 877 2362 904 2415; x_wconf 94' lang='lat'>1</span> <span class='ocrx_word' id='word_1_273' title='bbox 939 2380 1131 2418; x_wconf 85' lang='lat' dir='ltr'>versus</span> <span class='ocrx_word' id='word_1_274' title='bbox 1167 2362 1381 2432; x_wconf 85' lang='lat' dir='ltr'>primos</span> <span class='ocrx_word' id='word_1_275' title='bbox 1419 2362 1500 2415; x_wconf 75' lang='lat' dir='ltr'>ita</span> <span class='ocrx_word' id='word_1_276' title='bbox 1539 2362 1798 2431; x_wconf 82' lang='lat' dir='ltr'>supplevi</span> <span class='ocrx_word' id='word_1_277' title='bbox 1834 2366 1899 2416; x_wconf 87' lang='lat' dir='ltr'>ut</span> <span class='ocrx_word' id='word_1_278' title='bbox 1936 2363 2010 2415; x_wconf 79' lang='lat' dir='ltr'>ad</span> <span class='ocrx_word' id='word_1_279' title='bbox 2048 2380 2142 2416; x_wconf 86' lang='lat' dir='ltr'>eos</span> <span class='ocrx_word' id='word_1_280' title='bbox 2181 2362 2444 2431; x_wconf 74' lang='lat' dir='ltr'>spectent</span> 
     </span>
     <span class='ocr_line' id='line_1_30' title="bbox 400 2433 2445 2503; baseline 0 -16"><span class='ocrx_word' id='word_1_281' title='bbox 400 2453 449 2488; x_wconf 91' lang='lat' dir='ltr'>v.</span> <span class='ocrx_word' id='word_1_282' title='bbox 482 2440 709 2488; x_wconf 85' lang='lat'>13—14.</span> <span class='ocrx_word' id='word_1_283' title='bbox 786 2434 967 2489; x_wconf 77' lang='lat' dir='ltr'>altera</span> <span class='ocrx_word' id='word_1_284' title='bbox 1018 2451 1186 2488; x_wconf 80' lang='lat' dir='ltr'>causa.</span> <span class='ocrx_word' id='word_1_285' title='bbox 1236 2434 1431 2503; x_wconf 86' lang='lat' dir='ltr'>scripti</span> <span class='ocrx_word' id='word_1_286' title='bbox 1467 2434 1607 2488; x_wconf 79' lang='lat' dir='ltr'>haec</span> <span class='ocrx_word' id='word_1_287' title='bbox 1646 2436 1757 2500; x_wconf 74' lang='lat' dir='ltr'>est,</span> <span class='ocrx_word' id='word_1_288' title='bbox 1804 2435 1958 2502; x_wconf 88' lang='lat' dir='ltr'>quod</span> <span class='ocrx_word' id='word_1_289' title='bbox 2005 2433 2273 2488; x_wconf 78' lang='lat' dir='ltr'>adiuvare</span> <span class='ocrx_word' id='word_1_290' title='bbox 2317 2433 2445 2487; x_wconf 81' lang='lat' dir='ltr'>vult</span> 
     </span>
     <span class='ocr_line' id='line_1_31' title="bbox 397 2504 2444 2576; baseline -0 -16"><span class='ocrx_word' id='word_1_291' title='bbox 397 2506 654 2560; x_wconf 85' lang='lat' dir='ltr'>homines</span> <span class='ocrx_word' id='word_1_292' title='bbox 682 2506 917 2559; x_wconf 90' lang='lat' dir='ltr'>miseros</span> <span class='ocrx_word' id='word_1_293' title='bbox 956 2504 1041 2576; x_wconf 87' lang='lat' dir='ltr'>(fr.</span> <span class='ocrx_word' id='word_1_294' title='bbox 1074 2505 1100 2558; x_wconf 93' lang='grc' dir='ltr'>Ι</span> <span class='ocrx_word' id='word_1_295' title='bbox 1137 2505 1240 2560; x_wconf 91' lang='lat' dir='ltr'>col.</span> <span class='ocrx_word' id='word_1_296' title='bbox 1271 2505 1323 2558; x_wconf 93' lang='lat' dir='ltr'>II</span> <span class='ocrx_word' id='word_1_297' title='bbox 1362 2509 1419 2560; x_wconf 83' lang='lat' dir='ltr'>et</span> <span class='ocrx_word' id='word_1_298' title='bbox 1444 2505 1562 2575; x_wconf 86' lang='grc' dir='ltr'>ΙΙΙ),</span> <span class='ocrx_word' id='word_1_299' title='bbox 1600 2504 1778 2558; x_wconf 77' lang='lat' dir='ltr'>altera</span> <span class='ocrx_word' id='word_1_300' title='bbox 1805 2505 1963 2571; x_wconf 78' lang='lat' dir='ltr'>haec,</span> <span class='ocrx_word' id='word_1_301' title='bbox 2003 2506 2155 2574; x_wconf 89' lang='lat' dir='ltr'>quod</span> <span class='ocrx_word' id='word_1_302' title='bbox 2182 2504 2444 2559; x_wconf 86' lang='lat' dir='ltr'>refellere</span> 
     </span>
     <span class='ocr_line' id='line_1_32' title="bbox 400 2575 2441 2647; baseline -0 -16"><span class='ocrx_word' id='word_1_303' title='bbox 400 2594 494 2631; x_wconf 87' lang='lat' dir='ltr'>eos</span> <span class='ocrx_word' id='word_1_304' title='bbox 533 2577 633 2646; x_wconf 87' lang='lat' dir='ltr'>qui</span> <span class='ocrx_word' id='word_1_305' title='bbox 670 2577 1063 2646; x_wconf 81' lang='lat' dir='ltr'>philosophiae</span> <span class='ocrx_word' id='word_1_306' title='bbox 1101 2578 1194 2647; x_wconf 79' lang='lat' dir='ltr'>(an</span> <span class='ocrx_word' id='word_1_307' title='bbox 1231 2576 1659 2647; x_wconf 77' lang='lat' dir='ltr'>physiologiae?</span> <span class='ocrx_word' id='word_1_308' title='bbox 1698 2576 1797 2630; x_wconf 86' lang='lat' dir='ltr'>cfr.</span> <span class='ocrx_word' id='word_1_309' title='bbox 1835 2576 1902 2630; x_wconf 84' lang='lat' dir='ltr'>fr.</span> <span class='ocrx_word' id='word_1_310' title='bbox 1932 2576 2009 2629; x_wconf 86' lang='lat'>111</span> <span class='ocrx_word' id='word_1_311' title='bbox 2046 2579 2104 2630; x_wconf 85' lang='lat' dir='ltr'>et</span> <span class='ocrx_word' id='word_1_312' title='bbox 2128 2575 2227 2642; x_wconf 81' lang='lat' dir='ltr'>IV)</span> <span class='ocrx_word' id='word_1_313' title='bbox 2265 2576 2441 2631; x_wconf 81' lang='lat' dir='ltr'>male-</span> 
     </span>
     <span class='ocr_line' id='line_1_33' title="bbox 400 2648 1960 2703; baseline -0.001 -1"><span class='ocrx_word' id='word_1_314' title='bbox 400 2649 614 2702; x_wconf 88' lang='lat' dir='ltr'>dicunt.</span> <span class='ocrx_word' id='word_1_315' title='bbox 691 2650 764 2702; x_wconf 80' lang='lat' dir='ltr'>ad</span> <span class='ocrx_word' id='word_1_316' title='bbox 801 2668 847 2701; x_wconf 89' lang='lat' dir='ltr'>v.</span> <span class='ocrx_word' id='word_1_317' title='bbox 881 2655 914 2701; x_wconf 83' lang='lat'>4</span> <span class='ocrx_word' id='word_1_318' title='bbox 954 2648 1051 2702; x_wconf 89' lang='lat' dir='ltr'>cfr.</span> <span class='ocrx_word' id='word_1_319' title='bbox 1082 2648 1177 2701; x_wconf 88' lang='lat' dir='ltr'>Us.</span> <span class='ocrx_word' id='word_1_320' title='bbox 1206 2648 1274 2701; x_wconf 84' lang='lat' dir='ltr'>fr.</span> <span class='ocrx_word' id='word_1_321' title='bbox 1306 2654 1410 2701; x_wconf 83' lang='lat'>552</span> <span class='ocrx_word' id='word_1_322' title='bbox 1449 2651 1517 2703; x_wconf 83' lang='grc' dir='ltr'>οὐ</span> <span class='ocrx_word' id='word_1_323' title='bbox 1557 2651 1960 2703; x_wconf 85' lang='grc' dir='ltr'>πολιτεύεσθαι.</span> 
     </span>
    </p>

    <p class='ocr_par' dir='ltr' id='par_1_10' title="bbox 398 2718 2442 2859">
     <span class='ocr_line' id='line_1_34' title="bbox 541 2718 2442 2790; baseline -0.001 -16"><span class='ocrx_word' id='word_1_324' title='bbox 541 2738 591 2774; x_wconf 83' lang='lat' dir='ltr'>v.</span> <span class='ocrx_word' id='word_1_325' title='bbox 624 2725 655 2772; x_wconf 85' lang='grc'><strong>6</strong></span> <span class='ocrx_word' id='word_1_326' title='bbox 695 2723 945 2788; x_wconf 87' lang='grc' dir='ltr'>καθάπερ</span> <span class='ocrx_word' id='word_1_327' title='bbox 991 2724 1213 2788; x_wconf 86' lang='grc' dir='ltr'>παρών,</span> <span class='ocrx_word' id='word_1_328' title='bbox 1261 2738 1394 2773; x_wconf 78' lang='lat' dir='ltr'>nam</span> <span class='ocrx_word' id='word_1_329' title='bbox 1439 2720 1563 2788; x_wconf 89' lang='lat' dir='ltr'>ipse</span> <span class='ocrx_word' id='word_1_330' title='bbox 1610 2721 1872 2790; x_wconf 83' lang='lat' dir='ltr'>aegrotus</span> <span class='ocrx_word' id='word_1_331' title='bbox 1919 2722 1985 2772; x_wconf 89' lang='lat' dir='ltr'>ut</span> <span class='ocrx_word' id='word_1_332' title='bbox 2031 2718 2253 2774; x_wconf 88' lang='lat' dir='ltr'>videtur</span> <span class='ocrx_word' id='word_1_333' title='bbox 2299 2720 2442 2774; x_wconf 84' lang='grc' dir='ltr'>οἴκοι</span> 
     </span>
     <span class='ocr_line' id='line_1_35' title="bbox 398 2790 1597 2859; baseline -0.002 -14"><span class='ocrx_word' id='word_1_334' title='bbox 398 2794 636 2859; x_wconf 86' lang='grc' dir='ltr'>κάθηται</span> <span class='ocrx_word' id='word_1_335' title='bbox 672 2794 739 2844; x_wconf 88' lang='lat' dir='ltr'>ut</span> <span class='ocrx_word' id='word_1_336' title='bbox 776 2792 920 2846; x_wconf 91' lang='lat' dir='ltr'>dicit</span> <span class='ocrx_word' id='word_1_337' title='bbox 955 2790 1020 2846; x_wconf 90' lang='lat' dir='ltr'>fr.</span> <span class='ocrx_word' id='word_1_338' title='bbox 1055 2790 1235 2844; x_wconf 88' lang='lat' dir='ltr'><strong>XXIV</strong></span> <span class='ocrx_word' id='word_1_339' title='bbox 1271 2791 1376 2845; x_wconf 93' lang='lat' dir='ltr'>col.</span> <span class='ocrx_word' id='word_1_340' title='bbox 1405 2790 1431 2843; x_wconf 92' lang='grc' dir='ltr'>Ι</span> <span class='ocrx_word' id='word_1_341' title='bbox 1465 2810 1517 2845; x_wconf 82' lang='lat' dir='ltr'>v.</span> <span class='ocrx_word' id='word_1_342' title='bbox 1548 2796 1597 2844; x_wconf 90' lang='grc'>5.</span> 
     </span>
    </p>

    <p class='ocr_par' dir='ltr' id='par_1_11' title="bbox 396 2862 2443 3146">
     <span class='ocr_line' id='line_1_36' title="bbox 543 2862 2441 2929; baseline -0.001 -13"><span class='ocrx_word' id='word_1_343' title='bbox 543 2881 593 2917; x_wconf 79' lang='lat' dir='ltr'>v.</span> <span class='ocrx_word' id='word_1_344' title='bbox 628 2863 857 2917; x_wconf 80' lang='lat' dir='ltr'>7—-col,</span> <span class='ocrx_word' id='word_1_345' title='bbox 886 2863 938 2916; x_wconf 93' lang='lat' dir='ltr'>II</span> <span class='ocrx_word' id='word_1_346' title='bbox 976 2870 1007 2916; x_wconf 88' lang='lat'>6</span> <span class='ocrx_word' id='word_1_347' title='bbox 1063 2865 1180 2916; x_wconf 80' lang='lat' dir='ltr'>tam</span> <span class='ocrx_word' id='word_1_348' title='bbox 1228 2862 1533 2916; x_wconf 84' lang='lat' dir='ltr'>dissimiles</span> <span class='ocrx_word' id='word_1_349' title='bbox 1585 2863 1717 2915; x_wconf 82' lang='lat' dir='ltr'>sunt</span> <span class='ocrx_word' id='word_1_350' title='bbox 1761 2878 1850 2916; x_wconf 88' lang='lat' dir='ltr'>res</span> <span class='ocrx_word' id='word_1_351' title='bbox 1897 2864 2193 2929; x_wconf 85' lang='grc' dir='ltr'>(δεικνύειν</span> <span class='ocrx_word' id='word_1_352' title='bbox 2240 2864 2441 2929; x_wconf 86' lang='grc' dir='ltr'>πειρώ-</span> 
     </span>
     <span class='ocr_line' id='line_1_37' title="bbox 402 2934 2443 3003; baseline -0.001 -14"><span class='ocrx_word' id='word_1_353' title='bbox 402 2953 567 3001; x_wconf 93' lang='grc' dir='ltr'>μενος</span> <span class='ocrx_word' id='word_1_354' title='bbox 623 2937 710 2990; x_wconf 87' lang='grc' dir='ltr'>ὅτι</span> <span class='ocrx_word' id='word_1_355' title='bbox 746 2937 813 2988; x_wconf 90' lang='grc' dir='ltr'>τὸ</span> <span class='ocrx_word' id='word_1_356' title='bbox 853 2937 1147 3003; x_wconf 86' lang='grc' dir='ltr'>συμφέρον</span> <span class='ocrx_word' id='word_1_357' title='bbox 1192 2940 1262 3001; x_wconf 86' lang='grc' dir='ltr'>τῆ</span> <span class='ocrx_word' id='word_1_358' title='bbox 1307 2937 1518 3002; x_wconf 89' lang='grc' dir='ltr'>φύσει.</span> <span class='ocrx_word' id='word_1_359' title='bbox 1552 2977 1563 2988; x_wconf 94' lang='grc'><strong>.</strong></span> <span class='ocrx_word' id='word_1_360' title='bbox 1598 2977 1607 2987; x_wconf 96' lang='grc'><em>.</em></span> <span class='ocrx_word' id='word_1_361' title='bbox 1641 2977 1653 2988; x_wconf 89' lang='grc'><strong>.</strong></span> <span class='ocrx_word' id='word_1_362' title='bbox 1683 2939 1819 2988; x_wconf 81' lang='grc' dir='ltr'>πᾶσι</span> <span class='ocrx_word' id='word_1_363' title='bbox 1868 2936 1935 2987; x_wconf 86' lang='grc' dir='ltr'>τὸ</span> <span class='ocrx_word' id='word_1_364' title='bbox 1987 2934 2128 2988; x_wconf 83' lang='grc' dir='ltr'>αὐτό</span> <span class='ocrx_word' id='word_1_365' title='bbox 2179 2935 2330 2987; x_wconf 82' lang='grc' dir='ltr'>ἐστιν</span> <span class='ocrx_word' id='word_1_366' title='bbox 2383 2936 2443 2986; x_wconf 88' lang='lat' dir='ltr'>et</span> 
     </span>
     <span class='ocr_line' id='line_1_38' title="bbox 396 3004 2439 3074; baseline -0.002 -14"><span class='ocrx_word' id='word_1_367' title='bbox 396 3010 664 3074; x_wconf 86' lang='grc' dir='ltr'>δευτέραν</span> <span class='ocrx_word' id='word_1_368' title='bbox 717 3007 900 3061; x_wconf 77' lang='grc' dir='ltr'>αἰτίαν</span> <span class='ocrx_word' id='word_1_369' title='bbox 953 3008 1201 3070; x_wconf 88' lang='grc' dir='ltr'>ἀποδοὺς</span> <span class='ocrx_word' id='word_1_370' title='bbox 1250 3012 1353 3060; x_wconf 85' lang='grc' dir='ltr'>τοῦ</span> <span class='ocrx_word' id='word_1_371' title='bbox 1394 3007 1873 3074; x_wconf 89' lang='grc' dir='ltr'>συγγράμματος),</span> <span class='ocrx_word' id='word_1_372' title='bbox 1924 3007 1991 3057; x_wconf 86' lang='lat' dir='ltr'>ut</span> <span class='ocrx_word' id='word_1_373' title='bbox 2025 3004 2120 3057; x_wconf 81' lang='lat' dir='ltr'>vix</span> <span class='ocrx_word' id='word_1_374' title='bbox 2156 3004 2216 3057; x_wconf 92' lang='lat' dir='ltr'>in</span> <span class='ocrx_word' id='word_1_375' title='bbox 2264 3019 2439 3056; x_wconf 79' lang='lat' dir='ltr'>unam</span> 
     </span>
     <span class='ocr_line' id='line_1_39' title="bbox 399 3076 2438 3146; baseline -0.001 -16"><span class='ocrx_word' id='word_1_376' title='bbox 399 3079 738 3132; x_wconf 79' lang='lat' dir='ltr'>sententiam</span> <span class='ocrx_word' id='word_1_377' title='bbox 778 3076 1176 3146; x_wconf 87' lang='lat' dir='ltr'>comprehendi</span> <span class='ocrx_word' id='word_1_378' title='bbox 1214 3076 1451 3145; x_wconf 80' lang='lat' dir='ltr'>possint,</span> <span class='ocrx_word' id='word_1_379' title='bbox 1491 3078 1549 3129; x_wconf 85' lang='lat' dir='ltr'>et</span> <span class='ocrx_word' id='word_1_380' title='bbox 1586 3092 1691 3130; x_wconf 81' lang='lat' dir='ltr'>vox</span> <span class='ocrx_word' id='word_1_381' title='bbox 1728 3078 1848 3144; x_wconf 81' lang='grc' dir='ltr'>οὖν,</span> <span class='ocrx_word' id='word_1_382' title='bbox 1885 3093 1936 3129; x_wconf 82' lang='lat' dir='ltr'>v.</span> <span class='ocrx_word' id='word_1_383' title='bbox 1969 3081 2037 3128; x_wconf 81' lang='lat'>14</span> <span class='ocrx_word' id='word_1_384' title='bbox 2074 3091 2278 3129; x_wconf 85' lang='lat' dir='ltr'>novam</span> <span class='ocrx_word' id='word_1_385' title='bbox 2306 3090 2438 3146; x_wconf 83' lang='lat' dir='ltr'>sen-</span> 
     </span>
    </p>
   </div>
   <div class='ocr_carea' id='block_1_6' title="bbox 396 3146 1955 3219">
    <p class='ocr_par' dir='ltr' id='par_1_12' title="bbox 396 3146 1955 3219">
     <span class='ocr_line' id='line_1_40' title="bbox 396 3146 1955 3219; baseline -0.001 -17"><span class='ocrx_word' id='word_1_386' title='bbox 396 3150 636 3202; x_wconf 80' lang='lat' dir='ltr'>tentiam</span> <span class='ocrx_word' id='word_1_387' title='bbox 688 3149 906 3203; x_wconf 80' lang='lat' dir='ltr'>indicat</span> <span class='ocrx_word' id='word_1_388' title='bbox 942 3147 1130 3219; x_wconf 76' lang='lat' dir='ltr'>(aliter</span> <span class='ocrx_word' id='word_1_389' title='bbox 1174 3147 1585 3219; x_wconf 84' lang='lat' dir='ltr'>interpungunt</span> <span class='ocrx_word' id='word_1_390' title='bbox 1621 3146 1672 3200; x_wconf 90' lang='lat' dir='ltr'>U</span> <span class='ocrx_word' id='word_1_391' title='bbox 1709 3150 1768 3201; x_wconf 88' lang='lat' dir='ltr'>et</span> <span class='ocrx_word' id='word_1_392' title='bbox 1803 3146 1955 3216; x_wconf 88' lang='lat' dir='ltr'>HK).</span> 
     </span>
    </p>
   </div>
   <div class='ocr_carea' id='block_1_7' title="bbox 394 3234 2437 3664">
    <p class='ocr_par' dir='ltr' id='par_1_13' title="bbox 394 3234 2437 3664">
     <span class='ocr_line' id='line_1_41' title="bbox 541 3234 2437 3309; baseline -0.002 -17"><span class='ocrx_word' id='word_1_393' title='bbox 541 3238 643 3292; x_wconf 86' lang='lat' dir='ltr'>col.</span> <span class='ocrx_word' id='word_1_394' title='bbox 691 3237 743 3290; x_wconf 90' lang='grc' dir='ltr'>Π</span> <span class='ocrx_word' id='word_1_395' title='bbox 798 3256 850 3292; x_wconf 82' lang='lat' dir='ltr'>v.</span> <span class='ocrx_word' id='word_1_396' title='bbox 903 3241 1075 3309; x_wconf 76' lang='lat' dir='ltr'>12s13</span> <span class='ocrx_word' id='word_1_397' title='bbox 1149 3236 1488 3290; x_wconf 82' lang='lat' dir='ltr'>restituendi</span> <span class='ocrx_word' id='word_1_398' title='bbox 1562 3238 1694 3290; x_wconf 87' lang='lat' dir='ltr'>sunt</span> <span class='ocrx_word' id='word_1_399' title='bbox 1758 3236 2064 3289; x_wconf 88' lang='lat' dir='ltr'>secundum</span> <span class='ocrx_word' id='word_1_400' title='bbox 2128 3234 2437 3289; x_wconf 70' lang='lat' dir='ltr'>Metrodori</span> 
     </span>
     <span class='ocr_line' id='line_1_42' title="bbox 397 3305 2433 3380; baseline -0.001 -18"><span class='ocrx_word' id='word_1_401' title='bbox 397 3309 631 3378; x_wconf 89' lang='lat' dir='ltr'>dictum,</span> <span class='ocrx_word' id='word_1_402' title='bbox 689 3310 838 3380; x_wconf 88' lang='lat' dir='ltr'>quod</span> <span class='ocrx_word' id='word_1_403' title='bbox 889 3325 1040 3363; x_wconf 89' lang='lat' dir='ltr'>nunc</span> <span class='ocrx_word' id='word_1_404' title='bbox 1089 3308 1379 3379; x_wconf 80' lang='lat' dir='ltr'>integrum</span> <span class='ocrx_word' id='word_1_405' title='bbox 1426 3306 1644 3361; x_wconf 80' lang='lat' dir='ltr'>invenis</span> <span class='ocrx_word' id='word_1_406' title='bbox 1694 3306 1879 3361; x_wconf 91' lang='lat' dir='ltr'>Wien.</span> <span class='ocrx_word' id='word_1_407' title='bbox 1926 3306 2081 3359; x_wconf 88' lang='lat' dir='ltr'>Stud.</span> <span class='ocrx_word' id='word_1_408' title='bbox 2124 3305 2177 3359; x_wconf 91' lang='lat' dir='ltr'>X</span> <span class='ocrx_word' id='word_1_409' title='bbox 2227 3305 2433 3360; x_wconf 82' lang='lat' dir='ltr'>Wotke</span> 
     </span>
     <span class='ocr_line' id='line_1_43' title="bbox 397 3379 2436 3449; baseline -0.001 -16"><span class='ocrx_word' id='word_1_410' title='bbox 397 3383 537 3435; x_wconf 84' lang='lat' dir='ltr'>sent.</span> <span class='ocrx_word' id='word_1_411' title='bbox 568 3386 662 3434; x_wconf 79' lang='lat'>47:</span> <span class='ocrx_word' id='word_1_412' title='bbox 700 3382 1192 3449; x_wconf 83' lang='grc' dir='ltr'>Προκατείλημμαί</span> <span class='ocrx_word' id='word_1_413' title='bbox 1221 3394 1301 3447; x_wconf 91' lang='grc' dir='ltr'>σε,</span> <span class='ocrx_word' id='word_1_414' title='bbox 1340 3381 1388 3433; x_wconf 80' lang='grc' dir='ltr'>ὦ</span> <span class='ocrx_word' id='word_1_415' title='bbox 1413 3381 1572 3447; x_wconf 87' lang='grc' dir='ltr'>τύχη,</span> <span class='ocrx_word' id='word_1_416' title='bbox 1605 3382 1693 3433; x_wconf 83' lang='grc' dir='ltr'>καὶ</span> <span class='ocrx_word' id='word_1_417' title='bbox 1721 3384 1909 3433; x_wconf 85' lang='grc' dir='ltr'>πᾶσαν</span> <span class='ocrx_word' id='word_1_418' title='bbox 1939 3381 2047 3445; x_wconf 85' lang='grc' dir='ltr'>σὴν</span> <span class='ocrx_word' id='word_1_419' title='bbox 2074 3379 2436 3446; x_wconf 89' lang='grc' dir='ltr'>παρείσδυσιν</span> 
     </span>
     <span class='ocr_line' id='line_1_44' title="bbox 395 3451 2434 3521; baseline -0.002 -15"><span class='ocrx_word' id='word_1_420' title='bbox 395 3455 689 3521; x_wconf 84' lang='grc' dir='ltr'>ἐνέφραξα.</span> <span class='ocrx_word' id='word_1_421' title='bbox 767 3456 856 3506; x_wconf 80' lang='grc' dir='ltr'>καὶ</span> <span class='ocrx_word' id='word_1_422' title='bbox 894 3454 1026 3507; x_wconf 89' lang='grc' dir='ltr'>οὔτε</span> <span class='ocrx_word' id='word_1_423' title='bbox 1066 3455 1154 3506; x_wconf 83' lang='grc' dir='ltr'>σοὶ</span> <span class='ocrx_word' id='word_1_424' title='bbox 1190 3454 1324 3506; x_wconf 85' lang='grc' dir='ltr'>οὔτε</span> <span class='ocrx_word' id='word_1_425' title='bbox 1362 3453 1500 3521; x_wconf 82' lang='grc' dir='ltr'>ἄλλῃ</span> <span class='ocrx_word' id='word_1_426' title='bbox 1541 3453 1772 3520; x_wconf 81' lang='grc' dir='ltr'>οὐδεμιᾷ</span> <span class='ocrx_word' id='word_1_427' title='bbox 1808 3451 2129 3517; x_wconf 88' lang='grc' dir='ltr'>περιστάσει</span> <span class='ocrx_word' id='word_1_428' title='bbox 2178 3452 2434 3516; x_wconf 88' lang='grc' dir='ltr'>δώσομεν</span> 
     </span>
     <span class='ocr_line' id='line_1_45' title="bbox 395 3522 2433 3591; baseline -0.002 -13"><span class='ocrx_word' id='word_1_429' title='bbox 395 3527 634 3588; x_wconf 79' lang='grc' dir='ltr'>ἑαυτοὺς</span> <span class='ocrx_word' id='word_1_430' title='bbox 703 3525 990 3588; x_wconf 84' lang='grc' dir='ltr'>ἐκδότους·</span> <span class='ocrx_word' id='word_1_431' title='bbox 1068 3523 1186 3577; x_wconf 84' lang='grc' dir='ltr'>ἀλλ’</span> <span class='ocrx_word' id='word_1_432' title='bbox 1268 3525 1406 3576; x_wconf 87' lang='grc' dir='ltr'>ὅταν</span> <span class='ocrx_word' id='word_1_433' title='bbox 1462 3526 1608 3589; x_wconf 82' lang='grc' dir='ltr'>ἡμᾶς</span> <span class='ocrx_word' id='word_1_434' title='bbox 1666 3524 1733 3575; x_wconf 88' lang='grc' dir='ltr'>τὸ</span> <span class='ocrx_word' id='word_1_435' title='bbox 1788 3524 1969 3589; x_wconf 86' lang='grc' dir='ltr'>χρεὼν</span> <span class='ocrx_word' id='word_1_436' title='bbox 2027 3522 2223 3591; x_wconf 80' lang='grc' dir='ltr'>ἐξάγῃ,</span> <span class='ocrx_word' id='word_1_437' title='bbox 2296 3523 2433 3587; x_wconf 88' lang='grc' dir='ltr'>μέγα</span> 
     </span>
     <span class='ocr_line' id='line_1_46' title="bbox 394 3595 2436 3664; baseline -0.001 -16"><span class='ocrx_word' id='word_1_438' title='bbox 394 3598 859 3662; x_wconf 87' lang='grc' dir='ltr'>προσπτύσαντες</span> <span class='ocrx_word' id='word_1_439' title='bbox 907 3601 991 3664; x_wconf 80' lang='grc' dir='ltr'>τῷ</span> <span class='ocrx_word' id='word_1_440' title='bbox 1051 3598 1152 3661; x_wconf 81' lang='grc' dir='ltr'>Ζῆν</span> <span class='ocrx_word' id='word_1_441' title='bbox 1205 3597 1293 3647; x_wconf 83' lang='grc' dir='ltr'>καὶ</span> <span class='ocrx_word' id='word_1_442' title='bbox 1343 3600 1461 3658; x_wconf 81' lang='grc' dir='ltr'>τοῖς</span> <span class='ocrx_word' id='word_1_443' title='bbox 1520 3595 1677 3661; x_wconf 79' lang='grc' dir='ltr'>αὐτῷ</span> <span class='ocrx_word' id='word_1_444' title='bbox 1730 3598 1906 3656; x_wconf 87' lang='grc' dir='ltr'>κενῶς</span> <span class='ocrx_word' id='word_1_445' title='bbox 1954 3595 2436 3659; x_wconf 87' lang='grc' dir='ltr'>περιπλεκομένοις</span> 
     </span>
    </p>
   </div>
  </div>
 </body>
</html>
