2693 4100
1015 242 1460 306 -75—

216 395 331 451 Cic.
369 397 531 451 Tusc.
561 397 639 451 ΠΙ
671 404 754 464 13,
775 403 843 450 28
883 397 997 467 (Us.
1029 397 1095 452 fr
1126 400 1253 469 444)
1292 400 1544 468 Epicuro
1590 409 1772 455 autem
1812 402 1995 482 placet
2039 401 2252 468 opinio·

213 485 341 522 ‘nem
384 469 522 524 mali
566 471 963 540 aeqritudinem
1012 487 1121 525 esse
1162 478 1374 526 natura
1404 472 1515 556 ·[ea
1559 479 1769 526 natura
1816 472 1958 527 coni.
1989 472 2139 543 Us.,]
2194 478 2258 526 ut

212 541 539 623 quicumque
584 542 870 596 intueatur
915 543 979 595 i‘n
1023 543 1253 611 aliquod
1296 545 1481 597 maius
1515 544 1751 610 malum,
1786 546 1838 597 si
1872 545 1935 598 id
1969 544 2078 598 sibi
2113 544 2254 597 acci·

211 612 360 665 disee
395 613 667 678 opinetur,
701 614 775 667 sit
809 614 1069 667 continuo
1105 616 1170 667 i‘n
1197 615 1557 684 aeqritudine
1623 615 1817 682 itaque
1845 614 2086 683 scriptor
2114 613 2256 667 dicit

214 682 503 735 naturales
559 683 943 767 aegritudines
999 702 1057 738 se
1114 685 1427 740 coercuisse
1481 688 1731 751 tantum,
1789 687 2004 740 ceteras
2062 688 2253 739 autem

218 752 475 807 funditus
513 755 867 824 exstirpasse.

359 843 408 880 v.
433 832 498 879 11
529 831 727 893 κομιδῆ
756 826 1006 895 pertinet
1039 828 1111 881 ad
1143 831 1385 896 μεικρόν,
1415 827 1513 882 cfr.
1544 829 1618 881 ad
1655 827 1722 883 fr.
1743 827 1873 882 VIII
1901 828 2003 881 col.
2026 828 2104 881 IV
2133 846 2180 879 v.
2205 834 2253 881 2.

358 915 407 950 v.
430 903 497 950 12
519 914 623 950 vox
643 901 1006 964 ἑλαχιστιαῑος
1024 899 1165 953 alibi
1184 902 1405 953 exstare
1423 915 1538 952 non
1556 899 1794 966 videtur,
1815 899 1914 954 cfr.
1935 917 1989 968 p.
2004 898 2252 954 XXXIII.

357 986 410 1021 v.
443 973 510 1021 14
547 970 617 1022 de
654 970 837 1023 forma
872 977 1032 1025 ποεῖν
1069 971 1166 1024 cfr.
1208 970 1441 1026 Cronert
1481 972 1756 1026 Memoria
1792 971 2020 1025 Hercul.
2054 975 2173 1024 116.

215 1113 240 1163 t
274 1109 318 1162 Π
358 1041 572 1094 fr.111
609 1040 712 1094 col.
743 1040 795 1093 II
832 1058 880 1095 v,
913 1046 943 1093 2
1002 1040 1239 1112 Cynicos
1288 1043 1346 1096 et
1386 1041 1718 1111 Cyrenaicos
1766 1042 2131 1111 philosophos
2171 1042 2256 1094 in-

242 1126 273 1164 e
322 1127 353 1163 e
399 1111 457 1164 t.

355 1129 442 1237 {lr-
471 1182 553 1237 IV
592 1184 695 1237 col.
724 1182 766 1235 1.
832 1183 903 1235 de
940 1180 1054 1237 alio
1093 1198 1297 1252 genere
1345 1185 1637 1238 hominum
1682 1186 1855 1252 atque
1892 1184 1960 1236 fr.
1990 1183 2071 1236 III
2106 1201 2254 1237 nunc

211 1252 483 1321 loquitur,
522 1254 591 1308 de
627 1253 700 1307 iis
739 1253 837 1322 qui
873 1270 987 1307 non
1025 1256 1220 1324 aperte
1255 1254 1518 1309 inutilem
1555 1255 1972 1325 physiologiam
2021 1255 2257 1321 ducunt,

214 1326 316 1378 sed
345 1342 435 1380 res
463 1343 576 1379 non
606 1325 1005 1394 comprehendi
1032 1341 1199 1408 posse
1227 1329 1447 1395 putant,
1477 1331 1542 1381 ut
1562 1326 1807 1396 Sceptici
1837 1329 1894 1381 et
1913 1326 2254 1381 Academici.

357 1414 406 1450 v.
438 1402 470 1450 5
527 1399 781 1465 ἑγβολῆς]
834 1397 869 1449 i.
910 1413 955 1450 e.
1012 1398 1242 1453 eriectio
1328 1401 1609 1465 ἐκβάλλειν
1666 1413 1835 1467 saepe
1881 1398 2089 1452 habere
2144 1397 2257 1450 vim

210 1469 481 1523 reiciendi
519 1472 710 1522 monet
747 1468 975 1522 Usener.

361 1558 411 1592 v.
441 1543 474 1591 6
514 1541 753 1606 σχήματι
790 1556 892 1608 pro
928 1543 1281 1608 προσχήματι
1318 1543 1385 1594 ut
1422 1557 1589 1610 saepe
1629 1541 1743 1594 diei
1778 1540 2017 1593 videtur.

361 1628 410 1663 v
454 1616 519 1663 12
586 1613 620 1664 ἃ
678 1612 885 1678 μήποθ
931 1613 1109 1680 εὕρη.]
1174 1611 1279 1664 ΗΚ
1325 1630 1381 1680 p.
1420 1617 1523 1665 437
1591 1615 1924 1681 comparant
1987 1612 2054 1665 fr.
2102 1610 2256 1663 XXV

214 1682 317 1735 col.
349 1682 373 1733 I
419 1701 468 1735 v.
503 1687 567 1734 13
624 1683 694 1737 εἰ.
721 1725 732 1736 .
757 1727 766 1736 .
792 1726 803 1737 .
825 1685 1114 1749 ἐπίσκεψιν
1160 1686 1273 1750 εἶχε
1287 1726 1469 1751 ......
1523 1685 1825 1750 ἐβούλοντο
1874 1685 1924 1738 δ’
1961 1685 2120 1737 οὗτοι
2155 1684 2256 1746 τὰς

213 1754 418 1820 ἀρετὰς
463 1756 659 1822 λέγειν,
716 1756 747 1808 ὃ
786 1757 855 1821 δὴ
906 1759 996 1808 καὶ
1034 1756 1236 1823 ἀληθὲς
1271 1757 1590 1822 ἑτύνχανεν,
1630 1758 1797 1811 οὐδὲν
1836 1755 1953 1808 ἄλλ’
1990 1757 2101 1809 ἔδει
2137 1772 2256 1807 ποι-

215 1831 311 1892 εῖν,
371 1829 432 1892 ἢ.
457 1869 468 1879 .
493 1867 505 1879 .
536 1826 597 1879 et
639 1827 705 1878 fr.
737 1825 839 1878 XII
885 1824 989 1880 col.
1017 1826 1095 1879 III
1141 1844 1192 1880 v,
1223 1833 1254 1879 2
1312 1827 1359 1880 εἰ
1416 1828 1761 1893 ἀντιτεθήκει
1776 1869 1994 1891 .......
2052 1827 2257 1891 σχεδὸν
2300 1826 2307 1833 “

215 1897 463 1964 ἐγχειρεῖ.
536 1897 636 1951 sed
682 1897 788 1949 hoc
834 1899 1153 1966 exemplum
1204 1896 1375 1950 aliter
1413 1897 1860 1968 intellegendum
1908 1900 2018 1961 est,
2076 1912 2258 1963 neque

215 1967 272 2020 in
319 1968 420 2021 illo
469 1985 609 2037 opus
657 1970 780 2021 erat
826 1967 1013 2022 dicere
1069 1970 1100 2023 ὃ
1148 1972 1217 2036 δὴ
1257 1973 1348 2023 καὶ
1394 1971 1596 2036 ἀληθὲς
1645 1972 1946 2035 ἑτύνχανεν
1985 1971 2069 2034 ἂν,
2127 1985 2257 2019 nam

212 2056 405 2093 verum
442 2042 529 2093 est
565 2040 740 2095 etiam
784 2041 925 2104 tum,
977 2040 1027 2094 si
1063 2043 1352 2111 negarent.
1427 2044 1720 2110 praeterea
1755 2057 1985 2110 prorsus
2022 2038 2135 2093 alia
2173 2041 2258 2092 est

211 2127 301 2165 res
341 2113 399 2165 in
440 2112 721 2166 sententia
755 2112 990 2166 relativa
1036 2129 1180 2180 quae
1228 2112 1459 2165 modum
1505 2112 1925 2167 coniunctivum
1961 2111 2137 2164 habet
2174 2113 2257 2164 at-

214 2198 324 2251 que
361 2184 421 2234 in
459 2184 694 2252 apodosi
732 2182 1125 2238 condicionali.
1200 2187 1393 2237 tamen
1443 2183 1587 2237 nihil
1633 2184 1968 2237 mutandum
2016 2184 2102 2236 est
2141 2182 2255 2251 (Us,

215 2255 479 2323 proponit
530 2256 566 2308 ἃ
623 2257 690 2308 οὐ
749 2256 958 2322 μήποθ’
1015 2257 1202 2325 εὕρη);
1279 2256 1376 2309 cfr.
1435 2253 1593 2308 Blass
1646 2255 1891 2309 Gramm.
1941 2256 1992 2307 d.
2032 2260 2255 2307 neuteet.

221 2326 432 2380 Grieeh.
474 2332 503 2390 ξ
526 2333 609 2390 65,
635 2333 690 2379 7:
731 2325 870 2392 „Die
907 2325 1002 2380 Μὸ
1005 2326 1282 2395 glichkeit
1321 2328 1419 2379 des
1456 2326 1695 2380 Fehlens
1735 2343 1840 2379 von
1881 2328 1950 2378 ἂν
1988 2325 2129 2377 wird
2167 2324 2260 2377 fur

214 2398 369 2461 ὅστις
404 2397 734 2466 behauptet‚
771 2396 906 2451 aber
941 2397 1211 2468 nirgends
1249 2398 1513 2451 stimmen
1551 2396 1662 2451 alle
1702 2397 1926 2467 Zeugen
1966 2403 2049 2448 zu‘
2055 2397 2258 2465 ⁶(cita·

211 2469 307 2521 tur
344 2468 545 2522 Matth.
580 2474 663 2534 10,
684 2474 769 2535 33,
806 2468 999 2522 Jacob.
1032 2474 1080 2534 2,
1105 2472 1194 2537 10)
1242 2472 1300 2523 et
1338 2472 1498 2536 ,ὅσοι
1536 2469 1681 2523 ohne
1721 2471 1789 2522 ἂν
1826 2468 2015 2521 Herm.
2044 2466 2096 2521 S.
2129 2466 2260 2520 VIII

215 2545 301 2605 11,
323 2545 354 2592 ·3
395 2542 447 2609 (2
458 2539 646 2609 mal)“.
721 2556 868 2607 quae
906 2541 1135 2608 quidem
1182 2540 1465 2609 exempla,
1505 2557 1848 2608 quamquam
1897 2538 2072 2592 dubia
2109 2542 2257 2603 sunt,

212 2610 398 2679 magis
446 2611 520 2664 ad
565 2611 715 2664 hune
761 2610 948 2665 locum
1005 2612 1303 2680 quadrant.
1378 2612 1534 2665 locus
1583 2611 1824 2664 Hermae
1873 2609 2098 2664 Similit.
2130 2581 2261 2662 VIII

215 2688 279 2734 11
344 2688 374 2747 ξ
398 2688 428 2735 3
478 2683 651 2752 (apud
696 2682 1194 2752 Hilgendorffium)
1243 2683 1323 2736 sie
1370 2683 1604 2753 legitur:
1672 2685 1868 2750 ,,ὅσοι“
1917 2698 2107 2749 φησιν,
2166 2684 2258 2748 ,,ἐξ

212 2755 352 2821 ὅλης
416 2755 643 2821 καρδίας
706 2757 899 2808 αὐτῶν
965 2756 1379 2824 [μετανοήσωσι
1444 2756 1556 2823 καὶ]
1623 2755 1965 2821 καθαρίσωσι
2021 2755 2261 2817 ἑαυτοὺς

215 2867 443 2892 .......
499 2827 776 2892 λήψονται
812 2828 976 2894 ἴασιν,
1016 2828 1139 2880 ὅσοι
1177 2829 1256 2895 δέ,
1295 2827 1454 2894 φησί,
1512 2831 1802 2893 προσθῶσι
1960 2867 1970 2877 .
2001 2827 2091 2878 καὶ
2128 2825 2261 2877 ἀνα-

219 2903 554 2964 στραφῶσιν
567 2938 749 2964 ......
787 2904 1213 2965 κατακρινοῦσιν
1252 2900 1490 2961 ἑαυτοὺς
1528 2897 1603 2961 εἰς
1639 2898 1900 2951 θάνατον.
1970 2897 2261 2963 praeterea

212 2970 371 3021 certa
426 2967 579 3022 illius
628 2968 839 3021 formae
889 2985 1048 3023 exem
1091 2968 1147 3021 la
1198 2968 1471 3023 habemus
1520 2968 1596 3021 Le
1633 2972 1766 3032 Bas,
1820 2968 2062 3037 Voyaqes
2108 2967 2256 3019 arch.

211 3038 492 3106 111‚136a
530 3045 598 3092 44
646 3040 816 3108 (circa
853 3045 920 3093 86
970 3058 1018 3094 a.
1049 2988 1220 3107 ghr.):
1297 3043 1422 3094 ὅσοι
1470 3041 1821 3106 ἀναλάβωσιν
1867 3042 1938 3092 τὰ
1987 3040 2131 3092 ὅπλα
2169 3041 2260 3091 καὶ

328 3112 809 3178 ,ἀναγράψωνται
846 3115 905 3165 et
941 3110 1084 3164 Bull.
1116 3111 1263 3166 Corr.
1294 3112 1364 3166 H.
1395 3111 1473 3164 VI
1492 3116 1597 3164 439
1635 3111 1724 3163 tit.
1747 3109 1991 3178 Palmyr.
2014 3109 2259 3164 ι’Βίῖί-,οιι-

212 3153 420 3251 berger
451 3182 539 3236 Or.
570 3185 733 3237 inser.
759 3181 813 3234 Π
842 3185 967 3252 331)
1002 3182 1128 3236 ΠΙΙ)
1160 3188 1227 3236 90
1265 3185 1328 3248 ὃς
1366 3185 1525 3247 κενὸς
1563 3182 1808 3249 εἰσαχθῆ.
1859 3181 2047 3234 omnia
2082 3179 2262 3249 igitur
2321 3204 2324 3208 v

213 3269 356 3307 sana
403 3255 559 3319 sunt,
616 3253 947 3322 praesertim
994 3271 1121 3307 cum
1165 3254 1394 3308 litterae
1443 3255 1477 3307 ἃ
1525 3254 1732 3321 μήποθ’
1770 3255 1904 3320 εὕρη
1953 3253 2012 3303 in
2062 3266 2260 3305 rasura

213 3325 355 3391 sint3
424 3328 705 3378 correctae
756 3326 934 3395 igitur
983 3330 1139 3392 sunt,
1195 3322 1260 3379 ut
1310 3326 1376 3378 fr.
1417 3323 1442 3376 I
1495 3323 1620 3393 (HK
1650 3328 1739 3393 59)
1792 3323 1895 3377 col.
1924 3322 1950 3377 1
2001 3342 2048 3376 v.
2084 3321 2148 3375 12
2203 3325 2261 3374 et

212 3396 281 3450 fr.
311 3395 468 3449 XXV
521 3395 646 3465 (HK
686 3400 772 3466 66)
826 3396 928 3451 col.
960 3396 985 3449 Ι
1036 3415 1083 3450 v.
1118 3402 1184 3450 10
1236 3399 1293 3450 et
1353 3397 1421 3450 fr.
1451 3394 1685 3448 XXXIX
1738 3394 1862 3465 (HK
1891 3396 1980 3462 65)
2021 3394 2071 3447 II
2128 3411 2175 3447 ι.
2211 3400 2259 3445 1.

214 3484 401 3522 sermo
438 3468 687 3537 vulgaris
726 3470 827 3521 est.

360 3538 464 3592 eol.
496 3538 546 3591 Π
581 3556 629 3591 V.
666 3548 688 3592 1
741 3540 1031 3608 ἐμβαίνειν,
1085 3538 1238 3607 quod
1286 3538 1570 3608 supplevi,
1625 3556 1752 3592 cum
1801 3536 2121 3591 accusativo
2146 3535 2261 3607 ,ofin

214 3610 399 3664 Praef.
428 3628 482 3679 p.
518 3609 676 3663 XLII.
