2693 4100
1251 222 1692 286 -76-

598 399 645 434 v.
684 388 735 435 4.
794 383 909 448 ῥεῖν
968 382 1076 447 γὰρ
1131 380 1235 434 αἰεὶ
1291 383 1363 434 τὰ
1427 381 1748 448 πράγματα]
1814 379 2141 448 imprudens
2197 377 2493 431 Aristoteli

453 451 722 507 attribuit
757 451 1096 506 sententiam
1133 450 1422 504 Heracliti.

596 543 643 578 v.
686 528 825 577 5-8
882 523 981 577 cfr.
1019 522 1252 577 Aristot.
1292 520 1541 590 Metaph.
1579 521 1605 574 Ι
1634 527 1666 574 6
1716 540 1771 590 p.
1814 527 1962 576 987a
2011 529 2282 587 ....ταῖς
2337 522 2497 589 Ἡρα-

455 598 750 661 κλειταίαις
794 597 1003 661 δόξαις,
1055 595 1134 659 ὡς
1179 596 1448 648 ἁπάντων
1483 599 1602 647 τῶν
1649 593 1935 661 αἰσθητῶν
1974 595 2079 648 αἰεὶ
2116 595 2366 661 ῥεόντων
2404 596 2494 646 καὶ

457 668 768 734 ἐπιστήμης
801 670 929 733 περὶ
965 667 1156 720 αὐτῶν
1194 668 1298 719 οὐκ
1335 668 1527 732 οὔσης.

596 756 649 791 v.
681 744 713 792 8
753 739 1070 817 ἀντίληψιν]
1107 753 1219 789 ιιοιι
1271 736 1306 789 i.
1338 754 1391 804 q.
1432 738 1743 804 κατάληψιν
1799 737 2357 805 (comprehensionem,
2404 737 2496 789 iu-

455 810 852 880 telliyemiam)‚
892 808 991 862 sed
1027 808 1065 861 i.
1095 826 1148 877 q.
1186 808 1445 875 αἴσθησιν
1482 809 1549 860 ut
1585 824 1653 862 ex
1690 825 1738 862 v.
1773 812 1840 861 14
1878 810 2129 876 apparet.

595 898 644 934 v.
683 885 716 933 8
737 899 857 948 sqq.
933 880 1073 933 haec
1126 883 1312 962 ῥεῦσις
1369 880 1522 948 apud
1569 878 1908 948 Epicureum
1963 879 2306 960 scriptorem
2348 877 2499 930 nihil

452 952 611 1006 aliud
648 968 769 1005 esse
806 953 996 1021 potest
1031 950 1143 1004 nisi
1179 950 1553 1019 sempiternus
1598 950 1781 1003 fluxus
1827 953 2142 1005 atomorum
2187 952 2246 1003 et
2289 948 2500 1019 imagi-

452 1041 589 1076 num
626 1040 661 1077 a
698 1023 864 1077 rebus
911 1021 1262 1075 effluentium
1299 1037 1604 1091 rursusque
1643 1020 2037 1085 adfluentium,
2077 1022 2177 1075 cfr.
2215 1020 2372 1089 Epic.
2405 1036 2494 1089 ep.

451 1094 611 1148 1548
649 1094 761 1163 (Us.
800 1113 855 1164 p.
889 1100 973 1160 11,
995 1099 1026 1146 3
1048 1094 1192 1163 sqq.)
1240 1097 1328 1147 καὶ
1373 1095 1481 1161 γὰρ
1527 1097 1713 1161 ῥεῦσις
1758 1095 1869 1147 ἀπὸ
1914 1099 2031 1148 τῶν
2069 1094 2351 1159 σωμάτων
2387 1098 2495 1146 τοῦ

454 1169 721 1233 ἐπιπολῆς
772 1168 1025 1233 συνεχής,
1064 1166 1168 1220 οὐκ
1206 1165 1467 1231 ἐπίδηλος
1500 1171 1570 1235 τῇ
1612 1167 1834 1232 μειώσει
1871 1167 1960 1219 διὰ
1997 1165 2103 1231 τήν
2142 1164 2497 1230 ἀνταναπλή-

453 1253 629 1304 ρωσιν
667 1239 726 1291 et
761 1236 1107 1302 Lucr.11‚69
1145 1238 1310 1304 fluere
1346 1238 1534 1290 omnia
1570 1237 1857 1290 cernimus.

595 1307 698 1361 col.
728 1307 807 1361 ΠΙ
841 1326 889 1359 v.
923 1313 954 1359 2
976 1325 1095 1376 sqq.
1170 1307 1412 1376 scriptor
1457 1307 1731 1373 ostendit,
1784 1306 2071 1376 Scepticos
2108 1305 2262 1376 ipsos
2301 1321 2498 1388 secum

452 1396 919 1517 ἒξεῗῖἶὲὲῶἓέῗ
942 1377 2040 1518 igmisszfflssdvffiffifflnffi‘ssffiss?
2058 1396 2195 1503 5232
2198 1393 2500 1502 08318.ῗέ

451 1537 566 1575 non
602 1537 782 1591 posse
857 1536 1039 1589 neque
1077 1520 1228 1573 enim
1264 1520 1325 1573 id
1362 1521 1551 1590 ipsum
1580 1521 1826 1591 Sceptici
1864 1521 2049 1574 dicere
2085 1522 2333 1590 possent,
2387 1518 2500 1573 ali-

452 1593 591 1661 quid
626 1596 747 1647 tum
786 1593 980 1675 album
1016 1608 1136 1646 esse
1173 1593 1296 1646 tum
1333 1593 1578 1662 nigrum,
1617 1593 1727 1646 nisi
1766 1595 1950 1659 antea,
1988 1593 2139 1661 quod
2177 1592 2288 1660 ipsi
2317 1607 2498 1662 nega-

450 1666 595 1731 rent,
633 1664 750 1718 albi
788 1667 846 1718 et
882 1663 1033 1733 nigri
1068 1666 1328 1717 naturam
1364 1664 1480 1718 iam
1507 1664 1791 1735 cognitam
1825 1664 2112 1718 haberent.
2184 1663 2282 1717 cfr.
2306 1679 2497 1718 exem-

449 1735 534 1803 pli
582 1752 752 1793 causa
790 1735 901 1789 Cic.
942 1736 1012 1788 de
1058 1735 1150 1787 fin.
1180 1734 1206 1786 1
1237 1740 1321 1802 19,
1353 1742 1421 1789 64
1467 1752 1602 1806 quoe
1648 1737 1742 1806 (sc.
1792 1737 2007 1803 sensus)
2054 1736 2151 1804 qui
2195 1735 2397 1789 tollunt
2445 1741 2502 1789 et

453 1808 598 1861 nihil
629 1825 785 1875 posse
815 1807 1033 1875 percipi
1067 1807 1286 1873 dicumt,
1333 1809 1383 1861 ii
1416 1809 1635 1862 remotis
1669 1808 1918 1862 sensibus
1952 1824 2020 1861 me
2054 1808 2116 1860 id
2151 1807 2333 1874 ipsum
2368 1808 2500 1875 qui-

452 1880 573 1932 dem
628 1880 879 1947 expedire
931 1885 1187 1946 possunt,
1244 1880 1389 1946 quod
1443 1880 1733 1933 dwseraemt.
1801 1911 1867 1918 —
1935 1878 2242 1947 Epicurum
2296 1879 2498 1931 autem

451 1966 643 2003 omnes
692 1966 885 2004 sensus
931 1965 1089 2003 veros
1136 1965 1258 2003 esse
1306 1949 1506 2004 docere
1553 1952 1749 2003 notum
1796 1953 1896 2003 est.
1938 1981 2005 1989 —
2045 1947 2184 2002 Cum
2219 1949 2327 2002 hoc
2363 1947 2497 2002 loco

455 2020 629 2075 etiam
680 2022 839 2077 Lucr.
875 2021 952 2076 IV
1002 2039 1051 2075 v.
1095 2025 1200 2075 479
1235 2038 1355 2090 sqq.
1409 2021 1661 2076 conferre
1703 2021 1854 2087 licet,
1896 2020 2200 2091 praecipue
2244 2025 2347 2073 497
2362 2037 2489 2089 sqq.

449 2110 565 2147 non
593 2110 763 2178 porro
793 2101 1056 2163 poterwnt
1099 2096 1337 2162 (sensus)
1389 2096 1502 2162 ipsi
1544 2095 1926 2162 reprehendere
1960 2110 2096 2158 sese,
2143 2109 2319 2161 aequa
2355 2093 2499 2159 fides

450 2166 713 2232 quoniam
766 2166 973 2220 debebit
1026 2182 1232 2233 semper
1284 2165 1500 2231 haberi,
1537 2166 1778 2234 proinde
1822 2166 1967 2232 quod
2013 2167 2076 2218 iu
2113 2171 2372 2232 quoquest
2407 2165 2501 2218 his

450 2238 630 2290 visum
666 2243 897 2304 tempore
931 2244 1183 2291 verumst.

594 2324 642 2359 ν.
674 2313 705 2360 2
746 2309 804 2361 et
841 2315 872 2361 5
910 2310 1151 2362 ἐκεῖνο..
1177 2349 1224 2361 ..
1262 2309 1329 2361 τὸ
1371 2310 1439 2374 δὴ
1481 2307 1603 2362 οἷον
1642 2310 1898 2375 φέρουσι,
1936 2312 2049 2361 κτλ.
2090 2306 2187 2360 cfr.
2216 2305 2285 2359 fr.
2310 2304 2498 2359 XXIX

452 2377 554 2431 col.
584 2378 611 2430 I
647 2396 694 2431 v,
727 2383 758 2432 8
781 2383 812 2431 9
851 2381 1030 2433 ἐκεῖνο
1067 2384 1375 2447 τηροῦντες
1409 2382 1476 2434 τὸ
1516 2382 1585 2446 δὴ
1626 2382 1771 2433 ὅτιξ.
1796 2421 1808 2433 .
1833 2380 2330 2446 .ἀντιπαρέρχεται.

594 2450 678 2505 fr.
806 2448 910 2503 col.
940 2449 966 2502 Ι
1009 2468 1058 2504 ν.
1099 2455 1273 2503 4-7.
1364 2451 1506 2505 duas
1550 2450 1726 2519 igitur
1768 2466 1996 2505 necesse
2052 2452 2139 2504 est
2183 2448 2496 2517 qualitates

450 2520 703 2574 habeant
738 2537 1035 2590 corporum
1080 2520 1386 2588 elementa3
1444 2524 1503 2576 et
1538 2521 1665 2590 ipsa
1702 2522 2047 2590 sempiterna
2083 2536 2204 2574 esse
2241 2536 2310 2574 ea
2348 2537 2496 2589 opus

452 2594 539 2644 est
576 2593 635 2645 et
671 2608 907 2661 corpora
944 2595 1281 2646 construere.

594 2662 697 2716 col.
738 2663 790 2715 Π
835 2681 883 2717 v.
915 2669 964 2717 2.
1051 2662 1453 2733 Empedoclem
1510 2664 1946 2734 Agrigentinum
2001 2663 2180 2717 filium
2235 2664 2498 2731 Acragae

454 2734 747 2788 cuiusdam
784 2733 925 2788 facit
961 2736 1299 2804 (Ἀκράγας).

594 2823 640 2859 V.
672 2811 704 2859 8
742 2808 883 2874 ὕλην
921 2811 1010 2861 καὶ
1047 2808 1194 2873 θεόν,
1235 2806 1317 2860 sic
1354 2805 1527 2859 etiam
1563 2806 1728 2876 Diog.
1759 2807 1943 2860 Laert.
1967 2805 2069 2858 VH
2097 2810 2218 2858 134.

592 2895 641 2931 v.
674 2883 739 2930 12
760 2895 881 2947 sqq.
931 2882 1060 2947 περὶ
1104 2880 1294 2933 αὐτῶν
1342 2880 1563 2945 ἐσφάλη
1610 2881 1758 2948 τινά]
1814 2876 2101 2932 nonnullis
2146 2875 2317 2930 rebus
2356 2875 2496 2958 Epi-

452 2964 618 3001 curus
658 2964 692 3001 a
731 2948 1037 3003 Democriti
1076 2950 1146 3003 de
1183 2949 1390 3003 atomis
1427 2950 1710 3004 sententia
1748 2950 2048 3018 discrepat
2091 2965 2219 3002 cum
2256 2963 2372 3000 non
2409 2947 2497 3000 in-

448 3019 825 3074 numerabiles
873 3037 995 3075 esse
1042 3024 1355 3075 atomorum
1401 3020 1610 3075 formas
1657 3021 1779 3090 (Ep.
1821 3038 1908 3090 ep.
1946 3020 1973 3074 Ι
2011 3026 2041 3086 ξ
2071 3019 2193 3103 55]ss
2240 3021 2299 3073 et
2336 3018 2497 3073 Diels

462 3091 709 3145 Vorsokr.
750 3110 802 3160 p.
844 3097 946 3145 377
1007 3111 1053 3146 v.
1086 3096 1176 3159 28,
1214 3098 1300 3156 35,
1339 3095 1429 3161 37)
1475 3092 1793 3161 atomisque
1878 3092 2059 3175 ondus
2104 3091 2289 3145 inesse
2326 3092 2499 3159 putet

454 3160 706 3228 (Dielsl.
748 3180 792 3216 c.
832 3181 886 3232 p.
928 3168 1140 3231 378,11
1182 3165 1240 3217 et
1275 3161 1370 3216 Us.
1410 3163 1477 3216 fr.
1518 3168 1640 3230 281,
1662 3168 1784 3231 275,
1870 3163 1980 3233 pic.
2021 3179 2109 3232 ep.
2146 3163 2308 3231 154).

602 3232 706 3287 col.
749 3233 827 3287 111
879 3253 928 3289 v.
970 3241 1000 3288 9
1023 3235 1170 3305 sqq.]
1244 3237 1441 3288 contra
1497 3234 1849 3289 Heraclitum
1903 3234 2092 3305 ignem
2150 3233 2494 3289 elementum

453 3320 574 3357 esse
613 3308 928 3360 sumentem
965 3305 1261 3376 disputans
1299 3305 1459 3359 Lucr.
1489 3304 1514 3357 I
1551 3324 1599 3359 v.
1633 3310 1915 3360 635—704
1953 3306 2059 3359 hoc
2095 3306 2494 3375 argumentum

453 3392 566 3428 non
603 3375 782 3430 affert.
859 3377 958 3431 sed
997 3377 1123 3440 cfr..
1178 3376 1330 3445 quod
1378 3376 1530 3445 apud
1585 3376 1907 3431 Ciceronem
1955 3377 2024 3431 de
2071 3379 2185 3430 nat.
2226 3376 2378 3459 deor.
2416 3374 2495 3429 111

460 3452 490 3511 ξ
520 3451 730 3499 35--37
789 3447 955 3502 Cotta
999 3419 1369 3517 phisosophus
1407 3448 1777 3502 Academicus
1825 3448 2107 3516 disputat,
2163 3448 2264 3516 qui
2300 3449 2493 3518 ignem

455 3534 568 3571 non
605 3516 982 3574 immortalem
1019 3535 1140 3574 esse
1178 3517 1444 3585 ostendit,
1483 3519 1620 3588 quia
1656 3517 1916 3586 intereat,
1954 3518 2066 3572 nisi
2107 3518 2294 3573 alatur
2335 3526 2389 3587 (ξ
2409 3522 2497 3585 37)

456 3619 521 3627 —
562 3590 691 3656 post
727 3597 866 3643 v.14
904 3590 1144 3645 fortasse
1181 3589 1480 3659 legebatur
1516 3592 1637 3645 ἐπεὶ
1665 3596 1898 3659 φθεῖρον
1928 3593 2072 3646 αὐτὰ
2104 3592 2278 3658 δῆλόν
2309 3593 2488 3657 ἐστιν,
