2693 4100
997 243 1423 297 -XLV-

347 414 455 474 Gr.
488 414 592 474 Gr.
621 413 684 472 H
717 416 752 472 2
782 434 840 490 p.
873 414 996 472 501
1040 413 1174 472 adn.
1231 412 1503 472 Aristeas
1541 412 1726 472 semel
1761 412 1943 472 habet
1989 406 2066 494 (c.
2099 404 2230 496 90),

344 523 519 580 saepe
577 503 618 561 J
619 503 897 579 osephus‚
953 521 1074 561 non
1128 521 1456 578 numquam
1511 501 1851 577 Epictetus3
1905 502 2232 561 Atticistae

347 612 584 669 quoque
637 591 887 666 habent,
951 591 1023 651 de
1088 590 1302 667 quibus
1368 592 1471 650 cfr.
1540 591 1908 650 Schmidium
1961 590 2087 650 Att.
2141 591 2232 648 IV

344 703 401 759 p.
435 684 583 755 622,
627 681 722 740 ΠΙ
765 701 822 756 p.
856 682 958 755 85,
1005 680 1092 738 IV
1135 700 1193 756 p.
1225 682 1327 739 87.

200 775 296 832 16.
347 768 550 832 ὥστε
596 772 815 830 omisso
859 769 1193 828 infinitivus
1232 770 1393 829 solus
1437 770 1914 828 consecutionem
1951 772 2234 846 exprimit

344 862 417 920 fr.
446 859 646 918 XXIV
701 859 810 918 col.
848 859 910 918 Π
951 861 1050 917 14.
1154 878 1224 917 ex
1280 859 1567 935 exemplis
1622 859 1955 918 Blassianis
2014 858 2116 918 Gr.
2175 860 2231 918 d.

347 950 477 1008 ΝΤ
517 969 573 1024 Ρ.
608 951 734 1007 219
783 948 923 1007 huic
969 948 1344 1007 simillimum
1391 952 1480 1006 est
1523 944 1815 1007 Actorum
1861 949 2069 1023 Apost.
2103 950 2160 1022 5,
2191 950 2227 1007 3

316 1035 453 1098 ’διὰ
512 1035 571 1097 τί
644 1034 1029 1112 ἐπλήρωσεν
1101 1032 1139 1096 ὁ
1200 1034 1505 1110 Σατανᾶς
1568 1033 1687 1110 τὴν
1752 1034 2018 1110 καρδίαν
2085 1048 2232 1107 σου,

350 1123 723 1201 ψεύσασθαί
785 1137 864 1186 σε
919 1123 996 1186 τὸ
1043 1125 1297 1200 πνεῦμα
1346 1123 1424 1185 τό
1473 1121 1659 1197 ἅγιον
1707 1123 1809 1184 καὶ
1855 1123 2232 1200 νοσφίσασ-

351 1218 453 1276 θαι
500 1215 630 1275 κτλ.

204 1309 301 1365 17.
349 1302 597 1365 καίτοι
627 1324 761 1364 cum
778 1305 1099 1380 participio
1118 1324 1226 1380 pro
1247 1301 1473 1378 καίπερ
1493 1305 1565 1362 fr.
1587 1304 1780 1363 LXIV
1801 1305 1908 1364 col.
1929 1304 1994 1363 II
2015 1307 2070 1363 9.
2106 1322 2236 1363 mos

347 1393 780 1470 posterioribus
843 1393 1211 1470 temporibus
1265 1394 1696 1453 usitatissimus
1752 1385 1885 1474 (cfr.
1933 1394 2235 1453 Blassium

349 1484 390 1544 1.
421 1503 468 1542 0.
515 1503 572 1560 p.
605 1476 783 1563 242),
830 1485 936 1559 qui
981 1485 1185 1541 tamen
1230 1484 1354 1541 iam
1402 1483 1566 1559 apud
1605 1483 1971 1541 Simonidem
2021 1487 2081 1542 et
2117 1482 2234 1559 Ly·

350 1574 501 1632 siam
530 1572 712 1631 semel
741 1573 1022 1648 occurrit,
1059 1574 1164 1631 cfr.
1193 1570 1652 1631 Kiihner-Gerth
1686 1572 1789 1631 Gr.
1824 1572 1930 1631 Gr.
1957 1572 2022 1630 H
2052 1574 2109 1648 2,
2133 1574 2236 1631 85.

352 1682 383 1721 e
438 1662 678 1739 vulgari
741 1680 1009 1721 sermone
1075 1663 1260 1720 etiam
1314 1662 1380 1719 in
1434 1662 1751 1721 Atticistas
1805 1662 2074 1738 irrepsit,
2131 1663 2236 1721 cfr.

324 1750 721 1810 .Schmidium
766 1751 804 1809 1.
836 1769 882 1809 0.
930 1749 1019 1809 IV
1067 1770 1122 1826 p.
1158 1752 1303 1809 620.

201 1841 303 1900 18.
353 1838 442 1916 μή
489 1840 733 1917 negatio
779 1859 889 1915 pro
938 1835 1015 1900 οὐ
1063 1842 1126 1896 in
1179 1839 1491 1899 sententiis
1536 1840 1825 1912 relativiS‚
1872 1840 2056 1897 etiam
2100 1842 2241 1914 post

353 1925 452 1989 ὅτι
509 1929 774 2006 vulgaris
830 1931 1118 1988 sermonis
1179 1947 1321 1987 usus
1382 1931 1498 2005 est,
1556 1948 1732 2004 quem
1791 1930 1995 1987 tamen
2051 1930 2240 1987 etiam

350 2018 675 2079 Atticistae
703 2037 823 2077 non
853 2019 1094 2078 omnino
1122 2020 1422 2097 ignorant,
1461 2019 1564 2078 cfr.
1604 2016 1972 2078 Schmidium
2008 2018 2046 2076 1.
2077 2036 2124 2077 0.
2148 2017 2239 2076 IV

350 2129 409 2185 p.
442 2110 589 2168 623.
681 2109 804 2166 iam
860 2107 1018 2183 apud
1074 2110 1343 2167 vetustos
1402 2110 1717 2183 scriptores
1771 2110 1949 2167 huius
2006 2108 2241 2185 generis

352 2216 547 2344 Ραωέα
584 2198 853 2273 exempla
890 2200 1145 2272 exstant,
1187 2197 1289 2256 cfr.
1328 2196 1790 2256 Kfihner-Gerth
1833 2197 1936 2257 Gr.
1972 2197 2075 2257 Gr.
2105 2196 2167 2255 H
2197 2199 2236 2255 2

352 2307 409 2363 Ρ.
445 2289 476 2344 1
532 2288 588 2345 8.

202 2378 304 2435 19.
355 2371 492 2436 οὖν
539 2395 657 2435 non
705 2394 1034 2450 numquam
1079 2394 1116 2433 a
1164 2376 1495 2435 sententiae
1541 2375 1716 2434 initio
1763 2376 2002 2452 longius
2046 2393 2237 2434 remo-

352 2469 483 2524 tum
538 2466 653 2539 est,
706 2465 779 2522 fr.
818 2464 1024 2522 XXIII
1078 2465 1187 2523 001.
1225 2463 1257 2521 Ι
1296 2467 1334 2523 8
1395 2467 1456 2523 et
1508 2465 1581 2523 fr.
1620 2464 1879 2523 XXXIII
1933 2466 2041 2524 001.
2081 2464 2114 2522 Ι
2156 2467 2236 2523 14

352 2555 533 2612 tertio
580 2554 729 2628 loco,
774 2554 847 2612 fr.
877 2553 938 2610 II
984 2554 1092 2613 001.
1123 2553 1154 2611 Ι
1187 2556 1268 2612 14
1317 2557 1547 2629 quarto.
1614 2555 1717 2613 cfr.
1754 2553 2025 2613 Aristeas
2072 2572 2119 2613 c.
2154 2557 2232 2612 11

354 2640 415 2702 τί
461 2639 536 2701 τὸ
583 2641 840 2702 κωλῦον
886 2637 1022 2713 οὖν,
1072 2636 1267 2713 εἶπεν,
1316 2638 1495 2702 ἐστίν
1548 2646 1608 2701 et
1654 2662 1806 2719 quae
1853 2644 2122 2718 exempla
2169 2661 2239 2700 ex

352 2733 632 2809 Epicteto
660 2733 725 2788 in
751 2731 948 2790 indice
976 2735 1150 2790 notat
1178 2730 1454 2807 Schenkl,
1487 2732 1550 2790 in
1579 2731 1796 2808 quibus
1825 2727 1944 2792 οὖν
1973 2733 2243 2807 tertium,

356 2825 663 2897 quartum,
726 2819 909 2878 immo
965 2820 1057 2878 bis
1114 2822 1391 2896 quintum
1454 2821 1650 2880 locum
1704 2824 1871 2880 tenet
1922 2823 1996 2880 fr.
2048 2824 2149 2896 28,
2198 2823 2231 2879 1

359 2906 439 2971 οὐ
477 2906 625 2984 περὶ
651 2909 769 2969 τοῦ
800 2906 1115 2984 τυχόντος
1155 2904 1292 2986 οὖν,
1337 2909 1428 2968 IV
1461 2913 1516 2985 1,
1550 2910 1674 2969 125
1725 2907 1831 2969 διὰ
1866 2907 1926 2969 τί
1974 2907 2077 2970 ἐπὶ
2125 2907 2242 2983 μό-

360 3015 480 3059 νου
520 2992 639 3057 οὖν
687 2997 803 3059 τοῦ
852 2993 1202 3072 ἀνθρώπου
1250 2998 1381 3058 κτλ.

197 3090 305 3148 20.
354 3086 820 3161 Adverbium‚
896 3106 1012 3162 quo
1087 3087 1452 3146 adiectivum
1533 3090 1868 3147 accuratius
1942 3087 2244 3163 definitur,

355 3176 495 3234 huic
539 3179 925 3252 postponitur
966 3178 1040 3235 fr.
1069 3176 1189 3236 VII
1234 3177 1344 3235 col.
1375 3177 1408 3235 I
1440 3181 1519 3236 12
1570 3169 1840 3257 (λεπτὴν
1880 3172 1935 3236 δ’
1976 3168 2244 3258 ἄκρως),

355 3267 428 3324 fr.
450 3264 600 3323 VIII
619 3267 727 3324 col.
747 3265 836 3323 IV
867 3268 903 3323 2
936 3256 1206 3347 (λεπτὸν
1237 3258 1508 3348 ἄκρως),
1549 3267 1621 3325 fr.
1652 3265 1969 3324 XXXVIH
2000 3266 2108 3325 col.
2137 3266 2170 3324 I
2198 3268 2239 3324 4

360 3354 591 3427 μεικρῶ
638 3346 857 3434 πάνυ).
950 3355 1015 3413 in
1059 3354 1176 3412 NT
1223 3355 1573 3430 plerumque
1619 3356 1705 3429 fit,
1751 3356 1855 3414 cfr.
1903 3355 2076 3414 Blass
2121 3356 2161 3414 1.
2191 3374 2238 3414 0.

197 3534 307 3591 21.
357 3528 473 3605 τίς
519 3551 846 3607 pronomen
891 3531 1273 3592 indefinitum
1319 3551 1455 3591 cum
1492 3535 1768 3611 genetivo
1815 3535 2106 3609 partitivo
2153 3553 2239 3594 se·

360 3624 580 3696 quente
607 3624 679 3680 fr.
700 3621 795 3680 III
814 3621 1006 3681 001.ΙΙ
1029 3626 1060 3680 1
1091 3614 1290 3703 (τινὲς
1317 3622 1453 3681 τῶν
1484 3618 1924 3699 φιλοσόφων),
1943 3625 2015 3682 fr.
2038 3624 2244 3683 XXIII
