2693 4100
985 209 1419 264 „XVII-

156 384 241 441 fr.
277 384 364 441 57
400 373 493 463 (Π
519 382 627 440 col.
656 374 716 461 Ι)
747 379 1016 439 videmus
1045 381 1393 455 scriptorem
1423 379 1942 453 demonstrantem,
1970 377 2218 437 eandem

162 491 303 530 rem
330 461 741 553 (ἀταραξίαν)
771 469 1044 528 omnibus
1079 468 1421 527 hominibus
1458 468 1754 544 prodesse,
1792 471 1852 526 et
1888 468 1959 525 fr.
1993 469 2074 527 59
2106 459 2218 547 (1),

166 559 515 619 deflendam
570 577 694 617 esse
749 559 1062 617 hominum
1106 560 1296 616 vitam
1341 559 1577 632 tempus
1622 557 2027 632 perdentium,
2075 558 2218 631 quia

171 647 473 722 nesciant,
509 666 659 722 quae
697 648 896 706 animo
935 665 1088 723 quae
1125 647 1360 722 corpori
1397 646 1531 705 usui
1576 648 1715 719 sint,
1750 646 1903 704 talia
1947 644 2013 704 in
2047 663 2216 722 prae-

176 737 418 795 fatione
469 736 748 812 physicae
803 736 1231 811 disputationis
1288 735 1739 794 commemorari
1791 753 1911 793 non
1966 735 2218 807 mireris,

176 844 325 885 cum
374 826 664 900 Epicurus
710 826 837 901 ipse
873 827 1049 884 initio
1088 825 1381 899 epistulae
1429 824 1737 897 secundae,
1778 843 1897 899 qua
1934 823 2005 882 de
2042 822 2219 885 rebus

176 914 542 974 caelestibus
590 915 810 992 agitur,
856 915 966 973 hoc
1005 913 1310 988 scripserit
1356 905 1423 993 (ξ
1456 914 1558 986 85,
1597 912 1696 972 Us.
1745 934 1801 988 p.
1844 915 1947 986 36,
2001 916 2031 973 1
2058 904 2217 992 sqq.)

174 1003 452 1077 πρῶτον
482 1002 596 1078 μὲν
625 998 744 1061 οὖν
784 1001 864 1078 μὴ
905 998 1067 1062 ἄλλο
1104 1019 1162 1060 τι
1200 999 1390 1075 τέλος
1431 998 1500 1061 ἐκ
1537 1000 1651 1075 τῆς
1691 999 1835 1076 περὶ
1873 999 2215 1082 ηετεώρων

174 1089 502 1165 γνώσεως
561 1134 752 1151 .....
810 1088 1087 1167 νομίζειν
1155 1086 1317 1151 εἶναι
1372 1087 1410 1164 ἤ
1460 1107 1581 1164 περ
1639 1086 2061 1165 ἀταραξίαν
2118 1088 2221 1149 καὶ

175 1178 406 1240 πίστιν
457 1177 715 1255 βέβαιον
761 1176 1046 1255 καθάπερ
1085 1178 1188 1240 καὶ
1236 1176 1340 1239 ἐπὶ
1386 1180 1518 1241 τῶν
1567 1179 1829 1240 λοιπῶν.
1899 1179 2034 1238 aliis
2071 1180 2219 1238 locis

176 1270 324 1330 aliis
383 1269 581 1328 verbis
635 1270 792 1327 idem
848 1270 1075 1328 dictum
1130 1272 1247 1343 est,
1301 1272 1375 1327 ut
1421 1286 1554 1343 κυρ.
1602 1265 1730 1329 δόξ.
1769 1268 1854 1327 ΧΙ
1912 1264 1965 1328 εἰ
2026 1267 2222 1343 μηθὲν

183 1356 354 1433 ἡμᾶς
406 1355 470 1417 αἱ
525 1358 655 1418 τῶν
713 1356 1054 1433 μετεώρων
1102 1354 1378 1431 ὑποψίαι
1424 1354 1766 1432 ἠνώχλουν
1813 1355 1916 1417 καὶ
1964 1353 2027 1416 αἱ
2076 1355 2220 1430 περὶ

190 1444 492 1517 θανάτου,
524 1444 770 1520 μήποτε
797 1444 965 1520 πρὸς
991 1442 1159 1520 ἡμᾶς
1200 1443 1239 1525 ῇ
1278 1464 1354 1517 τι,
1398 1442 1489 1505 ἔτι
1529 1463 1598 1506 τε
1636 1444 1711 1507 τὸ
1751 1445 1831 1521 μὴ
1880 1446 2222 1505 κατανοεῖν

187 1535 348 1609 τοὺς
397 1531 598 1609 ὅρους
645 1535 777 1595 τῶν
825 1531 1208 1609 ἀλγηδόνων
1250 1533 1354 1594 καὶ
1391 1536 1522 1595 τῶν
1563 1532 1927 1610 ἐπιθυμιῶν,
1976 1532 2094 1594 οὐκ
2143 1531 2222 1593 ἂν

192 1622 685 1701 προσεδεόμεθα
731 1621 1190 1700 φυσιολογίας;
1239 1626 1343 1684 cfr.
1393 1626 1577 1683 etiam
1622 1642 1755 1699 κυρ.
1786 1621 1916 1687 δόξ.
1948 1625 2016 1683 Χ.
2110 1625 2223 1681 ita-

193 1734 311 1790 que
366 1733 500 1773 cum
554 1714 862 1774 videamus
916 1714 1358 1791 physiologiam
1424 1714 1598 1789 quasi
1662 1715 1944 1773 ancillam
1998 1714 2226 1772 ethicae

84 1796 85 1801 ¹
196 1803 522 1878 Epicureos
551 1804 937 1877 existimasse,
965 1802 1116 1860 nihil
1152 1802 1336 1861 habet
1372 1803 1728 1878 offensioniS,
1770 1803 1927 1878 quod
1955 1802 2019 1860 in
2056 1821 2226 1877 prae-

201 1893 421 1951 fatione
475 1892 875 1968 physiologici
929 1888 1138 1967 scripti
1191 1892 1262 1950 de
1309 1890 1524 1951 studiis
1581 1893 1889 1950 hominum
1934 1892 2227 1967 perversis

89 1948 95 2060 Ι
201 1984 262 2039 et
326 1982 398 2039 de
462 1982 573 2039 illa
637 1981 823 2040 animi
888 1981 1256 2057 condicione,
1332 2000 1515 2057 quam
1588 1976 1940 2055 ἀταραξίαν
2012 1983 2230 2039 vocant

84 2061 89 2152 ζ
199 2069 428 2146 Graeci,
475 2071 573 2148 agi
602 2072 889 2145 videmuS,
935 2067 1070 2130 cum
1096 2072 1317 2130 notitia
1343 2090 1544 2128 rerum
1580 2073 1832 2130 naturae
1879 2071 1954 2129 ob
2000 2071 2232 2129 nullam

86 2155 89 2186 ⁷
193 2162 386 2219 aliam
433 2179 673 2218 causam
716 2160 973 2235 petenda
1028 2162 1109 2219 sit
1163 2158 1485 2219 secundum
1532 2160 1858 2235 Epicurum
1905 2161 2024 2218 nisi
2068 2158 2232 2235 quod

205 2243 554 2318 ἀταραξίαν
599 2247 828 2307 efficiat.
895 2267 1028 2307 cum
1077 2251 1282 2307 autem
1325 2249 1398 2306 fr.
1432 2250 1511 2306 57
1545 2270 1598 2309 v.
1634 2251 1713 2307 13
1747 2250 1905 2306 —fr.
1939 2249 2020 2307 58
2062 2249 2170 2307 col.
2200 2247 2233 2306 Ι

94 2335 99 2346 “
202 2355 259 2393 v.
296 2338 330 2393 l
382 2325 477 2414 (=
508 2335 669 2393 fr.11
695 2339 798 2396 col.
829 2338 876 2412 I,
911 2337 1192 2397 13—col.
1223 2336 1300 2411 ΙΙ,
1335 2329 1403 2419 1)
1441 2337 1604 2397 dicat
1640 2340 1913 2413 scriptor,
1952 2357 2013 2396 se
2052 2340 2232 2396 antea

197 2425 354 2482 duas
402 2424 669 2484 attulisse
724 2445 931 2486 causas
987 2446 1090 2485 cur
1144 2426 1418 2485 libellum
1464 2429 1870 2503 componeret,
1915 2428 1987 2485 fr.
2030 2429 2110 2486 59
2144 2418 2232 2508 (Ι)

204 2515 407 2572 autem
461 2531 639 2573 causa
693 2515 989 2574 scribendi
1053 2516 1258 2591 aliqua
1322 2515 1631 2590 afferatur,
1696 2518 1808 2575 hoc
1874 2518 2013 2574 ante
2079 2515 2231 2574 illud

204 2602 613 2662 collocandum
670 2606 787 2677 est3
842 2605 1003 2680 quod
1055 2607 1213 2664 recte
1259 2604 1349 2662 ita
1394 2605 1523 2663 fieri
1569 2605 1828 2680 quodam
1874 2604 2050 2663 modo
2097 2623 2235 2679 pro-

94 2685 97 2698 '
205 2691 377 2749 batur
431 2692 503 2749 fr.
546 2692 627 2750 58
679 2692 786 2750 col.
822 2692 917 2750 III
963 2686 1063 2772 (fr.
1091 2693 1154 2751 H
1199 2694 1308 2752 col.
1344 2686 1463 2774 IV)
1519 2694 1787 2753 versibus
1846 2696 1882 2751 3
1906 2712 2054 2769 sqq.,
2128 2694 2235 2751 ubi

92 2825 97 2838 .
200 2782 452 2857 legimus
515 2782 865 2856 scriptorem
924 2784 1102 2840 antea
1162 2783 1233 2840 de
1294 2782 1463 2841 falsis
1524 2783 1903 2859 opinionibus
1964 2775 2232 2863 (ψευδο-

86 2863 87 2872 ’
206 2861 412 2949 δοξία)
468 2869 782 2928 hominum
836 2869 1101 2946 locutum
1156 2890 1306 2945 esse,
1371 2871 1586 2946 quibus
1643 2872 1838 2931 verbis
1895 2872 1965 2929 fr.
2018 2871 2099 2930 59
2146 2864 2235 2952 (Ι)

86 3007 87 3030 ,
207 2960 426 3033 optime
474 2959 768 3035 congruit.

336 3046 651 3120 Epistulae
700 3046 775 3104 ad
829 3050 1081 3106 matrem
1137 3048 1312 3106 datae
1360 3050 1699 3126 fragmenta
1754 3067 1946 3124 pauca
1993 3050 2066 3109 ab
2114 3050 2237 3108 edi-

211 3133 436 3192 toribus
493 3134 826 3195 Austriacis
882 3140 1040 3196 recte
1097 3138 1376 3195 ordinata
1430 3140 1597 3212 sunt,
1652 3156 1793 3195 nam
1837 3139 1941 3196 frr.
1974 3140 2237 3197 23—24

216 3213 481 3302 (LXIV),
537 3242 687 3298 quae
743 3229 946 3283 utrum
994 3229 1131 3284 ante
1178 3228 1278 3284 frr.
1330 3229 1591 3284 21—22
1640 3218 1897 3308 (LXIII)
1964 3247 2037 3285 au
2104 3230 2241 3303 post

210 3310 553 3369 collocanda
597 3317 792 3373 essent
828 3314 1093 3373 dubitari
1132 3317 1351 3389 potuit,
1397 3319 1528 3374 arte
1566 3316 1883 3375 coniuncta
1929 3319 2068 3374 sunt
2106 3334 2240 3375 cum

98 3299 102 3348 Ι

210 3400 530 3477 fragmenti
589 3405 671 3460 22
738 3394 994 3485 (LXIII)
1079 3403 1357 3463 columna
1443 3405 1687 3478 ultima,
1771 3407 1839 3463 ut
1921 3423 2027 3464 suo
2109 3406 2238 3465 loco

98 3551 101 3586 ᾗ
210 3487 486 3564 probabO.

96 3611 101 3650 ι

341 3576 784 3652 Disputationis
832 3581 903 3640 de
950 3585 1254 3642 senectute
1306 3583 1645 3659 fragmenta
1691 3583 1780 3640 ita
1826 3581 2117 3657 ordinavi,
2173 3587 2243 3640 ut

315 3685 553 3728 Dioomus
583 3691 954 3731 Onuouuumus
984 3692 1244 3741 fragmenta
1273 3690 1341 3730 ed.
1373 3690 1646 3731 william.
1885 3680 1921 3733 b

86 2845 99 3270 ,ἒ
