2693 4100
1181 235 1626 297 —90—

526 390 629 445 col.
668 391 694 444 I
738 408 789 444 v.
821 390 922 445 516
971 396 1072 446 τοῦ
1120 392 1335 455 πάθους
1380 392 1610 445 πλάνον.
1688 390 1785 443 cfr.
1816 390 1883 444 fr.
1913 389 2120 444 XXVII
2163 409 2212 444 v.
2246 396 2289 443 2“
2326 395 2419 446 καὶ

382 464 816 533 πλ[ανω]μένων
848 462 1113 530 θεραπεία
1132 467 1364 517 παθῶν.
1395 493 1467 501 -
1503 478 1633 516 cum
1670 464 1861 516 autem
1898 461 2166 530 proximis
2205 462 2420 516 colum-

383 535 471 588 nis
508 551 621 587 non
668 534 739 586 de
777 531 1071 588 affectibus
1111 533 1211 587 sed
1248 533 1318 586 de
1355 532 1661 586 virtutibus
1700 536 1838 603 agat
1875 534 2115 602 scriptor
2145 532 2272 603 (col.
2300 533 2419 602 IV),

382 604 483 659 illo
529 604 695 658 modo
732 605 949 673 primae
988 604 1278 658 columnae
1314 623 1401 658 vv.
1433 610 1571 658 5—9
1611 604 1961 673 supplendae
1998 608 2175 660 erant.

528 675 629 730 col.
659 675 738 728 IV
775 694 822 729 v.
854 682 884 729 3
925 679 1081 731 ἔσται
1108 694 1192 741 τις
1229 679 1421 730 αὐτῶν
1460 676 1547 731 ἐπ’
1574 679 1768 742 ἀγαθῶ
1808 677 2021 744 μνήμη]
2079 676 2152 729 ad
2191 675 2422 730 dicendi

380 748 659 802 rationem
695 747 791 800 cfr.
824 747 969 800 Plut.
1010 748 1080 801 de
1118 748 1317 802 curios,
1359 764 1404 800 c.
1439 753 1499 800 11
1544 748 1793 815 ἐμνήσθη
1834 750 1866 802 ό
1905 750 2059 802 δεῖνα
2096 753 2198 803 τοῦ
2238 751 2422 811 δεῖνος

386 820 474 876 ἐπ’
510 823 722 889 ἀγαθῷ,
763 821 821 873 et
848 818 1045 887 Polyb.
1074 819 1144 886 H,
1174 825 1258 885 61,
1290 824 1321 871 6
1360 822 1426 873 τὸ
1466 819 1517 874 δ’
1553 820 1866 874 ἀκόλουθον
1905 823 1996 873 καὶ
2030 821 2098 873 τὸ
2134 824 2236 886 τῆς
2272 820 2422 873 ἱστο-

384 892 506 959 ρίας
539 892 683 945 ἴδιον
721 893 965 959 ἀφεῖλεν,
1002 894 1105 945 τὸν
1142 893 1374 945 ἔπαινον
1413 895 1503 945 καὶ
1539 894 1646 958 τὴν
1684 891 1772 944 ἐπ’
1808 894 2002 960 ἀγαθῷ
2043 892 2265 958 μνήμην
2302 896 2421 944 τῶν

386 965 696 1027 ἀξιολόγων
734 964 1118 1029 προαιρέσεων
1157 963 1215 1015 et
1252 961 1344 1027 Vl,
1386 967 1471 1028 39,
1502 968 1549 1015 2.

526 1051 574 1085 v.
608 1039 638 1086 9
660 1050 779 1101 sqq.
849 1036 990 1101 μηδὲ
1025 1035 1127 1098 τὰς
1167 1035 1370 1100 ἀρετὰς
1407 1033 1625 1098 εἰδότας
1661 1036 1748 1087 ὅτι
1783 1038 1901 1087 τῶν
1950 1035 2422 1101 συνχρονούντων

387 1111 695 1173 ποιητικῶν
733 1123 780 1171 χ.
812 1107 879 1173 ε.]
954 1105 1108 1172 quod
1141 1103 1236 1158 hic
1275 1105 1346 1158 de
1395 1104 1699 1158 virtutibus
1743 1103 1897 1157 idem
1944 1105 2015 1158 de
2060 1103 2423 1174 philosophia

386 1177 594 1231 dicitur
622 1175 831 1229 Wotke
857 1177 1031 1230 Wien.
1062 1177 1218 1230 stud.
1249 1176 1300 1229 X
1334 1194 1391 1244 p.
1416 1182 1516 1228 193
1547 1177 1687 1229 sent.
1710 1181 1777 1229 27
1816 1177 1907 1230 ἐπὶ
1945 1178 2044 1241 μὲν
2079 1181 2198 1230 τῶν
2235 1178 2423 1230 ἄλλων

384 1250 844 1315 ἐπιτηδευμάτων
910 1250 1065 1314 μόλις
1125 1252 1495 1302 τελειωθεῖσιν
1561 1250 1592 1301 ὁ
1640 1250 1852 1315 καρπὸς
1905 1249 2153 1314 ἔρχεται,
2212 1248 2299 1301 ἐπὶ
2357 1250 2422 1302 δὲ

386 1320 727 1388 φιλοσοφίας
777 1322 1064 1386 συντρέχει
1118 1324 1187 1386 τῆ
1244 1321 1450 1384 γνώσει
1505 1321 1571 1373 τὸ
1636 1321 1893 1386 τερπνόν.
1987 1320 2055 1373 οὐ
2110 1321 2217 1386 γὰρ
2283 1321 2423 1384 μετὰ

388 1392 627 1458 μάθησιν
656 1393 977 1458 ἀπόλαυσις,
1008 1392 1146 1445 ἀλλὰ
1177 1393 1290 1456 ἅμα
1312 1392 1549 1458 μάθησις
1576 1394 1666 1445 καὶ
1685 1392 2006 1458 ἀπόλαυσις,
2037 1391 2095 1442 et
2113 1390 2184 1443 de
2204 1407 2422 1442 summo

388 1462 536 1516 bono
573 1461 610 1514 1.
642 1478 687 1515 c.
728 1463 867 1514 sent.
907 1467 975 1514 42
1023 1464 1055 1516 ό
1095 1463 1267 1526 αὐτὸς
1303 1463 1506 1528 χρόνος
1551 1465 1641 1516 καὶ
1685 1464 1960 1527 γενέσεως
2003 1467 2107 1515 τοῦ
2157 1462 2421 1527 μεγίστου

387 1536 602 1598 ἀγαθοῦ
633 1537 724 1587 καὶ
752 1536 1119 1598 ἀπολαύσεως
1146 1535 1304 1601 (corr.
1338 1532 1459 1598 Us.,
1499 1534 1829 1597 ἀπυλύσεως
1857 1531 2014 1602 cod.).
2055 1548 2167 1585 non
2191 1549 2424 1601 prorsus

387 1605 540 1657 idem
569 1603 668 1657 sed.
698 1603 882 1658 simile
912 1606 1013 1670 est,
1043 1604 1194 1672 quod
1224 1604 1367 1657 dicit
1393 1604 1550 1673 Epic.
1591 1620 1676 1672 ep.
1707 1602 1786 1657 111
1823 1611 1853 1669 ς
1887 1610 1988 1657 132
2026 1606 2425 1671 συμπεφύκασι

386 1678 493 1742 γὰρ
534 1677 591 1729 αἱ
627 1678 819 1743 ἀρεταὶ
865 1683 948 1746 τῷ
996 1680 1098 1743 Ζῆν
1144 1678 1329 1743 ἡδέως
1366 1679 1456 1730 καὶ
1505 1678 1572 1730 τὸ
1619 1680 1722 1743 Ζῆν
1766 1678 1950 1743 ἡδέως
1995 1678 2216 1729 τούτων
2272 1678 2425 1730 ἐστὶν

388 1748 702 1814 ἀχώριστον
750 1748 807 1800 et
851 1747 1022 1816 paulo
1069 1748 1201 1800 ante
1238 1748 1435 1815 (etiam
1481 1765 1600 1814 κυρ.
1649 1749 1746 1804 δόξ
1785 1746 1854 1815 V)
1911 1749 2014 1801 οὐκ
2052 1749 2203 1801 ἔστιν
2240 1749 2427 1814 ἡδέως

387 1823 489 1886 ζῆν
527 1820 660 1872 ἄνευ
698 1824 799 1872 τοῦ
839 1819 1128 1886 φρονίμως
1163 1823 1255 1872 καί
1291 1823 1476 1883 καλῶς
1512 1822 1599 1873 καί
1631 1820 1869 1885 δικαίως,
1919 1817 2097 1891 (οὐδὲ
2133 1818 2427 1885 φρονίμως

389 1894 480 1944 καί
517 1893 700 1954 καλῶς
738 1893 828 1943 καὶ
865 1889 1131 1961 δικαίως)
1162 1891 1295 1944 ἄνευ
1351 1896 1454 1945 τοῦ
1510 1892 1716 1957 ἡδέως;
1777 1889 1929 1941 unde
1983 1890 2177 1942 tamen
2231 1888 2425 1956 aliquo

386 1960 553 2015 modo
592 1960 853 2030 cognosci
899 1963 1089 2030 potest
1128 1961 1377 2026 virtutes,
1426 1963 1489 2014 ut
1535 1962 1738 2014 natura
1786 1978 1914 2014 cum
1948 1959 2240 2028 voluptate
2291 1976 2421 2013 con·

387 2031 615 2087 iunctae
654 2031 783 2096 sint,
821 2032 904 2086 ita
942 2032 1116 2086 etiam
1153 2031 1352 2088 eodem
1388 2034 1639 2103 tempore
1677 2034 1848 2101 atque
1884 2030 2045 2084 illam
2082 2031 2336 2086 existere.

532 2104 615 2158 fr.
645 2103 887 2159 XXVII
943 2104 1046 2158 col.
1074 2104 1102 2157 I
1157 2123 1202 2157 v,
1239 2111 1302 2157 14
1357 2105 1454 2157 vix
1509 2104 1675 2158 aliter
1721 2103 1972 2173 suppleri
2019 2105 2207 2173 potest
2253 2106 2427 2172 atque

390 2178 577 2244 ὲλ]πὶς.
652 2175 931 2242 Diogenes
970 2193 1248 2229 summum
1276 2176 1487 2229 bonum
1515 2175 1654 2244 quid
1683 2177 1759 2230 sit
1785 2175 2093 2230 secundum
2121 2175 2428 2243 Epicurum

388 2262 649 2301 enarrare
684 2246 924 2313 videtur,
961 2264 1072 2316 quo
1112 2246 1285 2300 etiam
1319 2248 1568 2315 pertinet
1609 2251 1710 2316 ,,τὸ
1748 2249 1948 2302 πιστὸν
1987 2249 2276 2312 ἔλπισμα“,
2323 2245 2423 2299 cfr.

388 2318 455 2371 fr.
487 2321 555 2371 68
577 2317 671 2372 Us.
709 2321 776 2372 τὸ
804 2320 911 2386 γὰρ
940 2321 1208 2383 εὐσταθὲς
1236 2321 1442 2386 σαρκὸς
1470 2320 1801 2387 κατάστημα
1831 2322 1921 2372 καὶ
1949 2321 2015 2372 τὸ
2054 2322 2177 2385 περὶ
2215 2320 2429 2385 ταύτης

390 2392 589 2445 πιστὸν
628 2392 864 2455 ἔλπισμα
901 2394 1008 2457 τὴν
1047 2392 1365 2458 ἀκροτάτην
1403 2392 1580 2457 χαρὰν
1620 2394 1709 2444 καὶ
1748 2391 2115 2457 βεβαιοτάτην
2153 2392 2264 2455 ἔχει
2310 2396 2429 2453 τοῖς

390 2462 792 2526 ἐπιλογίζεσθαι
849 2464 1178 2527 δυναμένοις
1223 2463 1281 2515 et
1316 2459 1527 2516 Wotke
1567 2462 1742 2515 Wien.
1780 2461 1936 2515 stud.
1967 2460 2018 2512 X
2054 2478 2109 2528 p.
2143 2465 2244 2513 193
2284 2461 2425 2513 sent.

391 2538 459 2585 33
499 2536 705 2600 σαρκὸς
741 2536 909 2600 φωνὴ
947 2535 1014 2586 τὸ
1055 2536 1129 2600 μὴ
1168 2538 1367 2600 πεινῆν
1397 2575 1625 2598 ......
1663 2539 1844 2587 ταῦτα
1890 2534 1996 2599 γὰρ
2036 2535 2183 2598 ἔχων
2220 2549 2302 2596 τις
2337 2536 2431 2586 καὶ

390 2603 628 2659 ἐλπίζων
667 2607 805 2660 ἕξειν
844 2607 947 2658 κᾶν
985 2607 1078 2658 Διὶ
1115 2606 1255 2671 ὑπὲρ
1294 2604 1649 2670 εὐδαιμονίας
1687 2605 2005 2671 μαχέσαιτο.

534 2674 636 2729 col.
667 2675 719 2727 H
753 2694 804 2728 v.
840 2682 866 2728 1
909 2676 1026 2741 μετ’
1062 2678 1317 2744 ἑγλογῆς]
1364 2681 1482 2730 τῶν
1527 2678 1730 2743 ἡδέων,
1778 2676 1843 2727 ut
1887 2674 2127 2727 videtur.
2204 2671 2300 2726 cfr.
2330 2672 2427 2726 Ue.

391 2747 456 2799 fr.
508 2752 611 2799 515
669 2747 746 2819 <ἡ
806 2746 1023 2818 ἀρετὴ)
1080 2750 1204 2813 περὶ
1257 2750 1365 2814 τὴν
1422 2747 1660 2813 ἐκλογήν
1716 2749 1834 2801 ἐστι
1891 2751 2007 2799 τῶν
2062 2747 2252 2812 ἡδέων
2307 2745 2433 2800 κατ’

395 2818 722 2886 Ἐπίκουρον
760 2820 819 2872 et
855 2818 1011 2888 Epic.
1052 2834 1138 2886 ep.
1168 2818 1247 2870 III
1288 2823 1387 2870 129
1427 2824 1581 2874 πᾶσα
1634 2820 1737 2872 οὖν
1773 2820 1953 2885 ἡδονὴ
2003 2818 2093 2871 διὰ
2140 2818 2206 2870 τὸ
2254 2818 2429 2884 φύσιν

393 2893 539 2957 ἔχειν
577 2890 786 2944 οἰκείαν
824 2893 1054 2957 ἀγαθόν,
1093 2892 1162 2944 ού
1200 2895 1355 2944 πᾶσα
1395 2892 1585 2955 μέντοι
1623 2888 1762 2960 (γ’)
1801 2888 2021 2956 αἱρετή.

536 2978 581 3014 ν.
615 2967 645 3014 2
702 2964 1087 3027 πλανωμένων
1142 2962 1366 3029 παθῶν]
1423 2960 1521 3014 cfr.
1568 2959 1635 3013 fr.
1685 2959 1866 3013 XXVI
1920 2959 2024 3013 col.
2072 2959 2098 3012 I
2150 2977 2201 3011 v,
2235 2963 2266 3011 ὅ
2322 2963 2427 3012 τοῦ

391 3034 608 3097 πάθους
638 3077 648 3087 .
682 3076 692 3087 .
728 3076 739 3087 .
769 3035 1000 3088 πλάνον.

533 3121 583 3156 v.
615 3109 647 3156 4
687 3106 848 3172 ὅπου,
889 3105 1048 3172 φημί,
1088 3104 1232 3172 οὖν].
1308 3103 1390 3155 sic
1428 3102 1603 3156 etiam
1638 3103 1780 3156 Heb.
1810 3104 1869 3155 et
1895 3101 2020 3155 Kal.
2070 3101 2325 3155 scribunt
2371 3100 2433 3153 in

393 3177 675 3243 contextu,
731 3176 831 3230 sed
887 3175 1046 3228 aliud
1101 3191 1323 3242 quoque
1380 3176 1701 3242 proponunt
1752 3176 1896 3228 ὅπου
1953 3192 2098 3242 φημι
2154 3174 2258 3226 οὖν
2311 3170 2431 3225 sine

391 3245 871 3315 interpunctione,
920 3245 1070 3315 quod
1116 3246 1198 3298 ita
1246 3245 1557 3313 explicant:
1625 3246 1698 3298 In
1745 3247 1850 3299 den
1895 3246 2098 3299 Fc'illcn
2146 3244 2281 3308 also,
2326 3260 2433 3298 von

394 3317 568 3372 denen
611 3319 699 3373 ich
741 3318 973 3387 spo-eche,
1019 3319 1094 3372 ist
1127 3317 1327 3371 sowohl
1366 3332 1410 3369 e.
1443 3335 1496 3385 q.
1527 3334 1569 3370 s,
1643 3315 1790 3369 illud
1824 3316 1965 3369 mihi
2012 3315 2192 3384 magis
2237 3313 2434 3369 verisi-

393 3388 527 3442 mile
573 3404 695 3443 esse
740 3389 979 3455 videtur,
1035 3391 1092 3442 et
1128 3388 1372 3441 maxime
1410 3387 1645 3442 Dielesii
1683 3388 2208 3455 interpretationem
2256 3385 2433 3454 probo

393 3461 494 3515 ubi
526 3462 701 3531 ἐρίων
737 3462 869 3528 (hoc
895 3465 1097 3529 repeto)
1120 3461 1431 3529 periculum
1457 3476 1736 3529 maynum‚
1775 3460 1855 3514 ibi
1879 3461 2045 3512 etiam
2082 3459 2297 3512 lucrum
2337 3461 2431 3522 (sc.

393 3549 697 3656 {affiumli
742 3536 880 3657 onltl
935 3533 996 3584 in
1053 3531 1333 3584 sententia
1387 3530 1720 3585 correlativa
1773 3529 2098 3599 duplicatur
2144 3529 2317 3582 etiam
2365 3527 2434 3580 fr.

608 3619 673 3657 co
700 3645 712 3657 .
888 3620 968 3670 sq.
