2693 4100
1200 258 1644 323 -84-

404 416 500 471 vix
547 415 798 471 dubitari
844 418 1057 485 potest,
1112 416 1445 486 praesertim
1496 433 1623 470 cum
1671 415 1773 470 col.
1804 415 1857 468 Il
1902 435 1952 468 v,
1986 421 2052 468 13
2099 414 2354 497 legamus
2404 417 2443 480 ἢ

403 495 577 544 τοῦτο
626 490 726 555 μὲν
773 491 840 543 οὔ
880 506 1053 555 φατε,
1108 489 1236 555 μίαν
1276 491 1338 543 δέ
1373 506 1499 542 τινα
1537 491 1712 557 γῆ[ν.
1771 489 1995 554 ‚atque
2032 488 2221 540 omnia
2257 485 2319 538 in
2357 501 2446 539 se-

405 559 591 614 cunda
628 559 889 613 columna
927 577 1053 613 cum
1091 559 1372 626 quadrent
1399 560 1474 613 ad
1500 530 1924 629 Xenophanem,
1962 558 2255 612 columnae
2290 555 2447 626 prio·-

403 632 483 686 ris
520 646 744 753 quoqu?
780 634 1000 754 partem
1036 630 1287 684 infimam
1332 631 1418 684 ita
1465 630 1748 701 supplevi,
1793 632 1860 683 ut
1903 629 2026 684 eius
2066 629 2348 682 sententia
2386 632 2448 681 et

405 720 611 757 nomen
654 718 689 755 a
735 719 830 755 era
857 721 938 755 ur.

548 792 600 827 v.
633 779 699 827 10
721 791 840 841 sqq.
891 773 987 827 cfr.
1020 773 1273 842 Xenoph.
1312 773 1380 826 fr.
1413 779 1478 826 28
1511 773 1664 826 Diels
1710 773 1873 841 γαίης
1920 775 2020 839 μὲν
2066 774 2198 827 τόδε
2252 778 2450 838 πεῖρας

408 848 545 901 ἄνω
593 848 745 912 παρὰ
791 849 995 899 ποσσὶν
1042 848 1240 913 ὁρᾶται
1287 846 1436 912 ἠέρι
1482 847 1945 912 προσπλάζον,
2002 847 2069 898 τὸ
2108 845 2261 898 κάτω
2300 843 2352 896 δ’
2387 845 2448 908 ἐς

411 920 643 984 ἄπειρον
682 918 924 971 ἱκνεῖται.

549 1006 600 1042 v.
635 986 878 1041 14—col.
911 988 960 1040 11
996 1007 1045 1042 V.
1078 992 1107 1040 3
1149 991 1279 1056 (τὴν
1316 991 1449 1056 γῆν)
1489 991 1648 1042 ἔνθεν
1686 990 2003 1055 ἀρχομένην
2033 987 2108 1050 εἰς
2144 989 2250 1052 τὴν
2288 987 2446 1039 κάτω

410 1062 597 1126 Ζώνην
637 1060 724 1114 ἐπ’
759 1062 989 1127 ἄπειρον
1029 1060 1320 1127 ἐκτείνετε]
1375 1059 1473 1112 cfr.
1514 1060 1587 1112 ad
1623 1077 1673 1112 v.
1708 1063 1774 1111 10
1813 1060 1871 1112 et
1907 1057 2138 1111 Aristot.
2179 1058 2248 1110 de
2287 1056 2447 1110 caelo

410 1131 455 1184 B
487 1136 839 1197 13,294a21
882 1130 1059 1199 (Diels
1090 1132 1239 1184 Vors.
1278 1148 1332 1199 p.
1366 1133 1454 1199 48)
1495 1131 1546 1185 οἱ
1585 1133 1686 1195 μὲν
1722 1133 1829 1198 γὰρ
1869 1133 1959 1185 διὰ
1996 1135 2176 1183 ταῦτα
2214 1131 2449 1196 ἄπειρον

409 1206 476 1257 τὸ
524 1204 678 1257 κάτω
734 1207 836 1270 τῆς
888 1207 993 1269 γῆς
1044 1203 1184 1256 εἶναι
1240 1216 1433 1270 φασιν,
1481 1203 1568 1256 ἐπ’
1613 1205 1842 1269 ἄπειρον
1890 1204 2071 1268 αὐτὴν
2117 1203 2450 1268 ἐρριζῶσθαι

410 1276 684 1340 λέγοντες,
723 1276 913 1340 ὥσπερ
942 1275 1277 1340 Ξενοφάνης
1304 1276 1336 1327 ὁ
1369 1275 1732 1340 Κολοφώνιος
1751 1279 1882 1341 κτλ.,
1923 1288 2094 1342 quam
2122 1271 2451 1340 opinionem

410 1345 527 1398 iam
564 1343 933 1413 Empedocles
982 1345 1114 1398 huic
1148 1345 1291 1398 vitio
1330 1345 1431 1398 dat
1469 1344 1645 1414 (Diels
1695 1345 1845 1398 Vors.
1886 1362 1939 1413 p.
1974 1346 2095 1412 196)
2135 1342 2233 1396 cfr.
2273 1342 2451 1397 etiam

556 1486 658 1541 col.
688 1486 738 1540 Π
766 1505 816 1541 v.
849 1492 880 1540 5
915 1487 1155 1556 scriptor
1180 1488 1327 1541 hanc
1357 1488 1649 1541 doctorum
1679 1489 1735 1540 et
1762 1488 2119 1542 indoctorum
2147 1485 2453 1555 opinonem

411 1559 535 1627 ipse
571 1558 812 1627 probare
850 1558 1088 1623 videtur,
1127 1558 1289 1626 quasi
1325 1560 1492 1612 unice
1522 1575 1651 1613 vera
1689 1559 1780 1624 sit,
1817 1576 1931 1613 non
1966 1561 2156 1612 tamen
2186 1559 2453 1611 accurate

413 1631 638 1684 secutus
675 1629 1036 1700 magistrum,
1095 1648 1221 1683 cum
1257 1630 1306 1683 is
1345 1630 1520 1684 etiam
1557 1630 1678 1684 fieri
1715 1648 1879 1700 posse
1918 1629 2227 1695 existimet,
2273 1630 2339 1681 ut
2376 1628 2453 1681 si-

415 1702 550 1755 dera
586 1719 700 1756 non
738 1702 840 1755 sub
878 1704 1030 1754 terra
1076 1719 1300 1755 cursum
1344 1705 1588 1771 pergant
1634 1703 1728 1755 sed
1769 1702 2200 1771 exstinguantur
2234 1717 2455 1753 rursus-

414 1790 524 1840 que
561 1774 958 1838 accendantur,
999 1772 1067 1826 cf.
1107 1773 1210 1841 Ep.
1251 1789 1334 1842 ep.
1376 1773 1428 1826 Π
1457 1779 1523 1827 95
1563 1774 1619 1826 et
1657 1773 1815 1827 Lucr.
1853 1791 1902 1826 v.
1934 1777 2233 1826 650—679.

556 1862 607 1897 ν.
637 1850 667 1896 9
709 1846 1000 1910 ἐΞάγοντες
1037 1847 1097 1899 δὲ
1134 1848 1237 1899 τὸν
1273 1849 1434 1911 ἥλιον
1473 1848 1579 1900 ἔξω
1616 1851 1720 1900 τοῦ
1769 1848 1975 1911 κόζμου
2022 1848 2164 1912 πρὸς
2211 1846 2279 1897 τὸ
2315 1845 2455 1898 πλά-

413 1933 506 1981 για
545 1917 683 1983 κτλ.]
720 1916 757 1968 ι.
798 1932 844 1969 e.
884 1916 1059 1968 solem
1097 1916 1171 1968 ad
1208 1916 1358 1970 latus
1394 1919 1621 1985 praeter
1653 1919 1862 1971 terram
1898 1916 2271 1969 transducunt
2297 1915 2459 1968 recta

414 1986 583 2040 linea.
644 1987 882 2040 fortasse
912 1987 1275 2057 Xenophanis
1314 1987 1656 2041 sententiam
1692 1988 1753 2041 in
1791 1987 1978 2041 animo
2016 1986 2190 2040 habet
2225 1985 2292 2038 fr.
2313 1986 2452 2038 A41

417 2059 575 2111 Diels
614 2062 646 2113 ὁ
685 2060 736 2114 δ’
772 2061 944 2124 αὐτὸς
980 2059 1160 2128 (Xen.)
1198 2063 1299 2115 τὸν
1335 2065 1496 2126 ἥλιον
1535 2060 1610 2125 εἰς
1647 2063 1877 2128 ἄπειρον
1917 2062 2015 2126 μὲν
2053 2062 2323 2127 προιέναι,
2364 2062 2456 2113 δο-

418 2138 531 2185 κεῖν
589 2133 649 2185 δὲ
705 2135 1021 2185 κυκλεῖσθαι
1078 2134 1167 2186 διὰ
1221 2135 1328 2199 τὴν
1386 2134 1712 2186 ἀπόστασιν.
1788 2132 1977 2186 obstat
2031 2133 2247 2194 tamen,
2301 2129 2457 2197 quod

417 2220 470 2254 v.
501 2206 567 2254 12
605 2218 718 2254 non
764 2202 940 2255 alium
992 2201 1200 2257 cotidie
1247 2203 1345 2257 sed
1394 2203 1635 2257 eundem
1673 2203 1849 2257 solem
1883 2203 1944 2255 in
1982 2203 2254 2255 mundum
2290 2200 2457 2254 indu-

418 2274 608 2327 centes
644 2272 812 2342 fingit
848 2274 1210 2328 adversarios.
1286 2273 1408 2328 fieri
1446 2274 1619 2327 etiam
1655 2277 1860 2343 potest,
1898 2276 1963 2327 ut
2001 2274 2069 2326 de
2110 2273 2457 2325 Anaximene

417 2344 647 2413 cogitet,
687 2344 784 2397 cfr.
823 2343 889 2397 fr.
930 2347 979 2397 Α
1009 2350 1037 2396 7
1070 2351 1150 2409 §6
1189 2345 1345 2400 Diels
1386 2347 1443 2400 et
1478 2346 1631 2399 A14

561 2415 763 2469 Restat
796 2416 863 2468 ut
900 2417 969 2469 de
1006 2416 1130 2469 loco
1176 2434 1345 2485 quem
1381 2417 1647 2471 habuerit
1683 2418 1790 2471 hoc
1826 2417 2208 2487 fragmentum
2243 2415 2303 2468 in
2342 2414 2459 2468 dis-

418 2487 714 2556 putatione
769 2491 895 2555 περὶ
950 2489 1198 2555 ἀπειρίας
1253 2491 1483 2555 κόσμων
1538 2488 1849 2571 loquamur.
1926 2490 2095 2556 atque
2152 2487 2259 2540 hoc
2313 2486 2459 2539 mihi

417 2558 644 2611 videtur
677 2557 798 2612 veri
836 2559 1185 2612 simillimum
1224 2576 1360 2613 esse.
1419 2577 1545 2613 cum
1583 2560 1698 2613 iam
1735 2560 2038 2629 probatum
2077 2559 2168 2626 sit,
2204 2557 2460 2611 infinitas

421 2632 639 2683 atomos
678 2645 796 2683 esse
828 2630 913 2699 (fr.
936 2630 1075 2700 XX),
1113 2647 1260 2683 nunc
1301 2631 1717 2684 demonstratur
1755 2648 1824 2685 ex
1860 2629 2096 2684 infinitis
2130 2629 2334 2684 atomis
2372 2629 2461 2681 in-

423 2701 611 2754 finitos
648 2701 887 2755 mundos
927 2701 1059 2755 oriri
1096 2718 1322 2755 necesse
1363 2718 1500 2770 esse,
1540 2704 1597 2769 et
1635 2704 1875 2771 scriptor
1911 2701 2004 2755 hic
2042 2719 2169 2755 cum
2206 2700 2276 2754 iis
2314 2717 2462 2769 pug-

421 2775 549 2838 nat,
604 2774 703 2839 qui
758 2773 1105 2841 argumentis
1162 2773 1406 2827 convicti
1451 2772 1595 2827 illud
1642 2774 1872 2841 quidem
1918 2774 2033 2826 iam
2079 2790 2192 2826 non
2229 2774 2460 2842 negant,

422 2843 672 2897 infinitas
713 2859 834 2897 esse
873 2845 1113 2910 atomOS,
1170 2845 1276 2897 hoc
1322 2847 1515 2898 tamen
1552 2845 1803 2898 nondum
1840 2845 2171 2910 concedunt,
2208 2843 2462 2897 infinitos

423 2931 544 2969 esse
580 2916 834 2970 mundos.
908 2916 1106 2984 Itaque
1152 2916 1285 2970 inde
1332 2933 1367 2969 a
1405 2916 1509 2971 col.
1538 2916 1564 2968 Ι
1601 2935 1649 2969 v.
1683 2923 1710 2969 7
1749 2917 1857 2970 hoc
1894 2916 2061 2970 modo
2101 2920 2462 2984 argumenta·

423 2988 540 3040 tur:
608 2986 657 3040 si
712 2987 1048 3041 mundorum
1100 2987 1686 3041 innumerabilitatem
1743 2988 2044 3041 concedere
2100 3003 2214 3040 non
2267 2986 2461 3050 vultis,

424 3073 651 3113 necesse
691 3060 777 3112 est
814 3058 1053 3126 (scilicet
1088 3061 1153 3112 ut
1188 3060 1311 3113 tota
1348 3059 1525 3113 moles
1563 3060 1878 3113 atomorum
1915 3058 2262 3112 infinitarum
2295 3057 2464 3111 absu-

424 3131 631 3199 matur)
669 3146 765 3183 vos
804 3147 1020 3183 sumere
1058 3134 1266 3184 terram
1302 3130 1585 3184 infinitam
1625 3148 1769 3196 esse,
1819 3130 1970 3198 quod
2007 3130 2123 3183 iam
2160 3129 2459 3198 Xenopha-

426 3218 525 3253 nes
553 3201 746 3255 voluit.
805 3204 928 3254 tum
966 3203 1154 3255 autem
1192 3203 1433 3271 apparet
1468 3201 1656 3256 sidera
1683 3204 1890 3255 terram
1917 3201 1978 3254 in
2006 3200 2195 3256 orbem
2227 3201 2465 3254 circum·

427 3272 563 3326 ferri
600 3289 711 3327 non
749 3289 936 3341 posse3
992 3273 1186 3341 itaque
1232 3272 1339 3327 hoc
1387 3289 1610 3341 quoque
1646 3289 1864 3327 sumere
1900 3289 2126 3327 necesse
2164 3274 2249 3326 est
2288 3271 2464 3326 solem

429 3346 508 3413 (et
562 3344 750 3397 omnia
806 3345 993 3398 cetera
1049 3345 1255 3413 sidera)
1309 3344 1371 3398 in
1425 3344 1575 3398 latus
1631 3344 1890 3398 tellurem
1946 3344 2268 3412 praeterire.
2357 3343 2465 3398 hoc

429 3417 619 3469 autem
657 3417 705 3468 si
741 3415 900 3469 vobis
940 3416 1092 3469 credi
1129 3432 1242 3469 non
1279 3432 1445 3485 posse
1482 3416 1721 3483 videtur,
1759 3415 1996 3470 fortasse
2032 3431 2205 3469 unam
2236 3417 2464 3479 terram,

429 3486 565 3554 quia
608 3486 833 3540 infinita
881 3504 1000 3542 esse
1049 3487 1279 3553 debeat,
1336 3489 1556 3541 exstare
1603 3504 1718 3541 non
1763 3503 1926 3556 posse
1975 3486 2238 3539 arbitrati
2275 3487 2464 3556 potius

432 3558 574 3610 duas
614 3575 736 3612 esse
772 3566 952 3611 terras
989 3557 1324 3626 putaveritis
1364 3557 1489 3627 (col.
1518 3558 1570 3611 Π
1605 3577 1657 3612 v.
1689 3563 1754 3611 13
1793 3562 1828 3626 ἢ
1867 3564 2041 3613 τοῦτο
2072 3560 2171 3624 μὲν
2201 3560 2269 3612 οὔ
2300 3576 2464 3625 φατε,

434 3627 564 3694 μίαν
611 3633 671 3683 δέ
718 3646 842 3682 τινα
889 3631 1021 3698 Υῆ[ν
1035 3672 1225 3684 ......
1237 3632 1258 3697 ]
1311 3631 1465 3697 δύ[ο.
1490 3672 1501 3684 .
1525 3673 1537 3685 .
1561 3631 1623 3697 .).
1701 3630 1800 3683 sed
1838 3629 2004 3683 facile
2042 3628 2221 3683 videri
2259 3631 2468 3698 potest,
