2693 4100
1247 268 1653 323 -XV1-

565 436 696 496 Hoc
742 456 928 495 unum
976 440 1179 495 tamen
1225 437 1470 514 quintus
1519 438 1780 499 decimus
1827 438 1929 498 ille
1976 458 2178 498 versus
2223 440 2471 516 indicat,

435 530 580 603 quot
626 526 934 585 columnae
988 527 1302 584 minimum
1357 527 1513 586 inter
1562 527 1801 609 singula
1846 529 2185 605 fragmenta
2232 535 2467 591 servata

432 611 736 695 perierint.
830 616 987 690 quod
1033 617 1123 674 ita
1170 618 1609 694 cognoscimus,
1664 620 1733 674 ut
1778 617 1842 676 in
1888 617 2262 676 antecedenti
2306 619 2466 696 frag-
2579 638 2583 645 ·

432 707 634 779 mento
684 723 836 780 quae
891 705 1116 780 legitur
1171 705 1501 764 sententiae
1549 706 1783 765 litteras
1831 705 1905 765 ab
1954 708 2217 765 extrema
2263 707 2468 766 littera

433 795 671 854 servata
725 811 911 869 usque
970 793 1046 852 ad
1099 794 1278 852 finem
1322 813 1727 869 numeremUS,
1774 797 1835 853 et
1880 795 1944 852 in
1990 799 2259 871 proximo
2308 796 2470 874 frag·

431 887 633 957 mento
681 900 833 958 quae
880 886 969 941 est
1016 883 1345 942 sententiae
1385 884 1616 952 litteras
1664 883 1739 942 ab
1785 884 1960 942 initio
1998 903 2185 960 usque
2225 885 2303 943 ad
2347 888 2470 962 pri-

431 992 593 1030 mam
650 975 964 1031 servatam.
1068 991 1209 1030 nam
1265 991 1401 1031 cum
1454 973 1562 1032 sub
1617 973 1869 1051 singulis
1925 974 2214 1033 columnis
2272 977 2467 1049 spatio

431 1060 832 1120 intercedente
888 1079 1062 1119 senae
1120 1060 1305 1120 denae
1362 1062 1482 1120 fere
1537 1062 1775 1121 litterae
1832 1063 2089 1137 scriptae
2137 1063 2284 1137 sint,
2330 1064 2463 1123 inde

434 1152 846 1211 columnarum
890 1149 1259 1226 perditarum
1298 1170 1583 1209 numerus
1620 1151 2019 1227 computando
2057 1151 2214 1210 effici
2249 1155 2464 1226 potest.

431 1239 698 1318 singulos
735 1258 1014 1298 numeros
1050 1240 1210 1298 infra
1246 1239 1598 1316 fragmentis
1638 1239 1870 1314 addam,
1917 1259 2076 1298 nunc
2121 1240 2184 1298 id
2228 1244 2467 1300 tantum

431 1347 843 1404 commemoro,
892 1331 1038 1403 quot
1085 1329 1389 1388 columnas
1426 1331 1558 1388 tota
1602 1330 1748 1387 haec
1786 1329 2115 1404 disputatio
2152 1329 2467 1388 minimum

432 1419 578 1478 olim
633 1418 939 1493 complexa
993 1420 1087 1478 sit.
1181 1437 1316 1476 cum
1383 1417 1782 1496 quadraginta
1827 1421 1948 1478 tres
2004 1419 2313 1477 columnae
2370 1421 2465 1477 vel

431 1508 842 1567 columnarum
895 1506 1188 1582 reliquiae
1244 1510 1515 1566 servatae
1563 1508 1709 1582 sint,
1755 1507 1895 1582 plus
1943 1527 2125 1583 quam
2172 1509 2460 1583 quinqua-

432 1598 604 1674 ginta
649 1614 750 1654 sex
795 1595 1100 1670 perierint,
1148 1597 1420 1671 sequitur
1464 1600 1533 1654 ut
1577 1596 1716 1671 plus
1764 1599 2001 1655 centum
2048 1597 2337 1656 columnis
2374 1598 2465 1655 to·

429 1690 559 1745 tum
617 1685 967 1760 opusculum
1023 1685 1167 1743 olim
1223 1685 1599 1760 complexum
1653 1687 1735 1745 sit
1773 1719 1855 1725 —-
1897 1685 1949 1744 si
2015 1686 2253 1760 quidem
2306 1689 2463 1744 recte

434 1777 741 1848 sumimuS,
789 1772 1112 1833 sententias
1160 1793 1413 1849 quarum
1454 1774 1746 1849 reliquiae
1785 1776 2055 1833 servatae
2103 1776 2259 1849 sunt,
2306 1778 2463 1833 totas

434 1884 469 1923 a
515 1865 804 1938 scriptore
850 1880 974 1922 esse
1023 1863 1256 1922 allatas.

567 1953 635 2011 In
667 1951 1011 2011 ordinandis
1039 1951 1392 2028 fragmentis
1427 1952 1690 2028 physicis
1728 1954 1794 2010 in
1829 1955 2172 2012 universum
2210 1952 2465 2027 editores

431 2042 868 2102 recentissimos
916 2060 1134 2117 sequor
1181 2033 1456 2123 (excepta
1503 2043 1642 2100 sunt
1686 2042 1971 2101 nimirum
2015 2041 2163 2118 illa,
2194 2061 2350 2118 quae
2389 2040 2465 2099 ad

433 2132 900 2207 disputationem
940 2127 1085 2204 περὶ
1123 2126 1417 2205 ἀπειρίας
1446 2127 1712 2205 κόσμων
1750 2121 2093 2210 pertinent).
2141 2149 2281 2189 nam
2317 2130 2460 2188 Dio-

432 2241 643 2300 genem
699 2220 773 2280 ab
820 2220 1127 2279 elementis
1184 2238 1384 2279 orsum
1439 2220 1651 2280 deinde
1698 2239 1852 2296 quae
1900 2240 1971 2280 ex
2015 2221 2090 2279 iis
2136 2220 2466 2294 composita

434 2311 557 2370 sint
602 2310 952 2369 tractavisse
991 2299 1138 2389 (quo
1176 2311 1440 2384 pertinet
1476 2310 1661 2369 etiam
1696 2309 1905 2367 mundi
1940 2300 2291 2390 structura),
2333 2310 2469 2366 tum

434 2400 506 2459 de
559 2398 735 2457 rebus
790 2397 1066 2456 humanis
1122 2399 1182 2455 et
1237 2398 1308 2456 de
1365 2398 1480 2457 diis
1537 2399 1725 2476 egisse
1781 2401 1841 2456 et
1896 2417 1966 2456 ex
2020 2400 2153 2473 ipsa
2203 2416 2267 2455 re
2316 2397 2467 2455 veri-

435 2488 629 2550 simile
684 2490 775 2546 est
830 2490 890 2545 et
947 2506 1017 2544 ex
1071 2486 1337 2545 Lucretii
1393 2488 1613 2547 ordine.
1716 2488 2117 2564 fragmentum
2166 2486 2247 2543 52
2290 2477 2469 2567 (VH)

434 2578 627 2637 solum
676 2576 794 2635 alio
841 2577 972 2635 loco
1018 2576 1210 2651 posui.
1757 2569 1761 2573 ’

567 2667 705 2725 Non
760 2666 884 2723 iam
940 2664 1201 2723 dubitari
1246 2668 1472 2741 potest,
1520 2668 1664 2741 quin
1711 2666 1812 2723 frr.
1844 2667 1946 2740 57,
1978 2665 2060 2723 58
2092 2655 2231 2746 (11),
2267 2667 2348 2722 59
2382 2657 2470 2743 (1)

438 2774 672 2831 quoque
717 2757 964 2830 propter
1015 2753 1235 2830 lapidis
1286 2755 1671 2814 altitudinem
1716 2772 2148 2830 numerumque
2193 2770 2470 2811 versuum

434 2845 575 2904 huic
618 2843 900 2919 physicae
939 2842 1336 2919 disputationi
1371 2842 1729 2902 vindicanda
1776 2846 1835 2902 et
1871 2845 1996 2901 eius
2033 2841 2471 2918 praefationem

435 2933 618 2993 fuisse
681 2931 949 3008 putanda
1013 2932 1150 2991 sint.
1269 2953 1410 2992 nam
1483 2932 1643 3008 quod
1705 2931 2020 3005 Heberdey
2085 2934 2146 2989 et
2206 2929 2472 2989 Kalinka

436 3044 493 3099 p.
528 3025 656 3081 350
703 3022 928 3096 dicunt,
976 3024 1104 3095 „ein
1155 3019 1381 3096 Grund,
1430 3024 1545 3080 mit
1582 3021 1750 3097 jeder
1798 3018 2290 3078 Columnenreihe
2339 3018 2472 3076 eine

437 3132 585 3171 neue
635 3110 859 3170 Schrift
901 3110 1197 3187 beginnen
1254 3132 1325 3169 zu
1380 3111 1577 3170 lassen
1623 3110 1773 3185 liegt
1820 3109 1888 3184 ja
1939 3128 2051 3186 gar
2095 3109 2263 3167 nicht
2308 3105 2475 3182 vor“,

439 3222 573 3261 cum
618 3220 725 3277 per
771 3219 831 3258 se
877 3219 997 3257 non
1033 3200 1378 3259 incredibile
1417 3200 1514 3273 sit,
1560 3201 1764 3258 tamen
1808 3198 2051 3274 probari
2096 3214 2215 3255 non
2251 3198 2475 3270 potest,

440 3293 581 3367 quia
619 3290 836 3349 titulus
873 3289 1048 3348 huius
1087 3291 1298 3365 scripti
1337 3281 1438 3370 (fr.
1472 3291 1552 3347 55
1586 3316 1653 3334 =
1682 3280 1882 3367 XXH)
1921 3287 1987 3345 in
2021 3285 2222 3361 lapide
2263 3285 2341 3342 61
2378 3301 2477 3341 cm

436 3380 563 3439 alto
619 3380 941 3454 inscriptus
1003 3381 1118 3451 est,
1174 3378 1239 3437 in
1295 3378 1501 3437 eadem
1555 3377 1745 3455 igitur
1798 3376 2069 3451 lapidum
2133 3372 2284 3432 serie
2344 3374 2488 3431 erat

439 3473 620 3545 atque
666 3471 862 3528 cetera
907 3468 1247 3544 fragmenta
1307 3466 1517 3526 ethica.
1611 3466 1816 3542 itaque
1863 3464 2159 3541 praefatio
2203 3481 2327 3521 non
2373 3480 2487 3538 po-

438 3561 561 3617 tuit
612 3560 676 3616 in
733 3558 1033 3634 superiore
1090 3557 1240 3617 serie
1290 3558 1514 3632 scripta
1562 3574 1702 3615 esse.
1797 3553 2023 3614 accedit
2071 3552 2231 3629 quod
2275 3553 2349 3611 fr.
2393 3552 2476 3609 61

441 3638 695 3729 (XXIV)
741 3648 898 3704 idem
943 3647 1066 3704 fere
1114 3646 1336 3723 legitur
1382 3648 1562 3720 atque
1600 3647 1672 3704 fr.
1708 3645 1786 3702 58
1819 3634 1955 3724 (H).
2022 3642 2229 3718 qualia
2274 3643 2483 3700 autem

2571 116 2578 155 --

2603 392 2635 535 :⁸5ss

2633 1492 2634 1511 ᾼ
2615 568 2635 1428 Αηωέ-ἀψᾱὴᾳῇκῢ..
