2693 4100
1221 252 1605 306 ..XX—

400 427 462 483 et
497 423 909 483 columnarum
937 421 1015 480 ad
1047 421 1520 497 disputationem
1547 422 1619 480 de
1657 423 1963 481 senectute
2000 424 2437 498 pertinentium

398 510 784 571 continebant
839 502 971 591 (cfr.
1027 511 1130 569 frr.
1175 514 1206 568 1
1251 505 1564 589 [LXVH]‚
1623 514 1658 570 6
1701 504 1985 588 [LXXIII
2033 512 2140 570 col.
2172 511 2201 569 I
2248 513 2434 585 1—5‚

397 602 509 661 col.
529 600 593 658 H
615 594 836 678 1—5],
862 602 895 658 7
920 594 1141 678 [LXXI
1160 600 1269 659 col.
1289 600 1321 657 I
1346 602 1536 674 1—5,
1556 600 1665 659 col.
1684 600 1749 658 II
1771 594 1992 679 1.—5],
2014 592 2433 683 9[LXV111]).

395 690 544 750 haec
588 691 777 767 igitur
829 706 971 766 pars
1027 708 1098 747 ex
1142 691 1273 747 tota
1326 689 1562 765 reliqua
1606 689 1996 765 inscriptione
2041 690 2435 767 prominebat.

397 780 677 839 Fortasse
724 779 994 854 scriptor,
1042 798 1175 837 cum
1222 779 1619 855 epistularum
1655 779 1897 838 litterae
1933 781 2191 839 minores
2240 784 2439 840 essent

396 888 580 945 quam
626 871 697 925 ut
748 869 922 927 tanta
967 868 1032 926 in
1078 866 1399 926 altitudine
1450 869 1608 926 muri
1653 870 1913 943 scriptae
1958 871 2269 944 perspicue
2315 869 2439 947 legi

398 961 660 1034 possent,
706 976 925 1017 novam
984 957 1056 1016 de
1101 958 1404 1017 senectute
1452 957 1921 1032 disputationem
1967 958 2291 1017 maioribus
2338 958 2438 1015 lit·

394 1049 543 1106 teris
598 1047 659 1105 et
713 1046 1003 1105 columnis
1059 1045 1303 1104 inscribi
1359 1047 1562 1118 iussit,
1618 1050 1686 1105 ut
1743 1047 1926 1104 etiam
1993 1066 2174 1121 supra
2237 1050 2438 1121 posita

398 1139 549 1195 serie
596 1135 866 1210 lapidum
914 1135 1082 1194 abuti
1128 1152 1364 1194 necesse
1410 1139 1579 1195 esset.

1263 1452 1459 1531 Caput
1494 1456 1573 1515 II.

829 1598 927 1655 De
975 1597 1296 1673 epistula
1344 1597 1431 1654 ad
1478 1601 1778 1656 matrem
1824 1598 2010 1657 data.

536 1757 898 1834 Fragmenta
929 1756 1132 1816 LXIII
1169 1761 1230 1816 et
1274 1756 1469 1815 LXIV
1509 1750 1685 1839 (Heb.
1726 1760 1788 1817 et
1823 1758 1957 1817 Kal.
1989 1750 2282 1841 21—24)
2319 1778 2442 1818 non

402 1847 532 1907 sine
570 1864 749 1906 causa
788 1865 1019 1906 summo
1058 1849 1261 1906 nostro
1299 1846 1499 1908 studio
1538 1847 1721 1924 digna
1756 1847 2065 1907 habentur.
2133 1850 2445 1908 continent

401 1938 562 1996 enim
620 1936 964 2011 epistulam,
1023 1955 1206 2010 quam
1269 1954 1390 1994 non
1446 1936 1520 1994 ab
1576 1936 1834 2013 ignobili
1885 1937 2148 2012 homine,
2206 1937 2308 1996 sed
2365 1937 2441 1997 ab

402 2026 532 2102 ipso
571 2026 835 2101 Epicuro
874 2026 1160 2102 scriptam
1197 2044 1322 2086 esse
1362 2045 1396 2083 a
1434 2025 1579 2085 viris
1617 2024 1807 2086 doctis
1846 2025 2195 2086 affirmatur.
2245 2028 2442 2087 acrius

400 2116 590 2192 igitur
634 2115 1004 2190 inspicienda
1060 2118 1215 2175 sunt.
1309 2134 1379 2175 ac
1433 2115 1693 2192 primum
1742 2115 1978 2190 quidem
2027 2134 2264 2189 causas,
2311 2119 2444 2192 qui-

401 2204 515 2262 bus
575 2203 693 2263 viri
753 2204 911 2263 docti
973 2203 1220 2263 adducti
1279 2206 1426 2278 sint,
1482 2208 1550 2264 ut
1597 2205 1856 2281 Epicuro
1910 2205 2065 2264 hanc
2120 2205 2443 2284 epistulam

404 2293 820 2367 attribuerent,
858 2292 1313 2352 consideremus,
1382 2291 1603 2352 Cousin
1638 2314 1695 2369 p.
1728 2294 1809 2353 68
1833 2313 1920 2370 sq.
1957 2295 2051 2353 his
2088 2294 2442 2372 fragmentis

404 2384 465 2440 et
526 2383 686 2455 aliis,
747 2400 900 2457 quae
955 2401 1113 2440 nunc
1168 2381 1243 2440 ab
1302 2383 1628 2441 editoribus
1683 2383 2106 2443 recentissimis
2161 2385 2321 2443 recte
2378 2384 2445 2443 in
2498 2369 2506 2381 ⁸

403 2491 588 2528 unum
645 2470 716 2529 de
772 2473 1075 2530 senectute
1131 2471 1400 2529 libellum
1459 2471 1880 2547 comprehensa
1935 2476 2100 2545 sunt,
2149 2492 2184 2532 a
2231 2475 2443 2532 ceteris

402 2562 752 2638 segregatiS,
800 2560 958 2635 quod
1005 2560 1246 2619 altiores
1293 2561 1517 2619 habent
1551 2561 1893 2619 litterarum
1928 2561 2160 2635 ductus,
2207 2580 2277 2620 ac
2322 2580 2443 2620 non

404 2650 527 2707 iam
594 2649 916 2724 Antipater
979 2649 1082 2708 sed
1128 2652 1321 2708 mater
1369 2650 1443 2708 ab
1500 2668 1569 2709 eo
1631 2652 1735 2725 qui
1793 2650 2035 2726 scripsit
2099 2651 2447 2727 appellatur

403 2730 637 2820 (omnia
698 2739 855 2797 enim
916 2742 1114 2797 cetera
1172 2739 1513 2817 fragmenta
1572 2740 1753 2813 fals0,
1813 2741 1886 2797 ut
1945 2758 2101 2798 nunc
2155 2739 2441 2811 videmus,

405 2826 701 2903 epistulae
747 2827 825 2886 ad
870 2826 1260 2903 Antipatrum
1305 2828 1481 2887 datae
1527 2819 1827 2912 inseruit),
1872 2829 1937 2886 in
1973 2827 2067 2886 his
2112 2828 2444 2903 simplicius

404 2919 468 2974 et
515 2916 732 2975 clarius
780 2934 907 2975 esse
954 2915 1186 2975 dicendi
1232 2934 1419 2994 genus
1467 2918 1666 2977 censet
1722 2919 1784 2975 et
1828 2917 2085 2977 formam
2129 2913 2443 2992 ὑφειστή·

405 3015 607 3064 κεσαν
655 2996 754 3085 (fr.
785 3003 983 3063 LXIII
1030 3000 1207 3084 [Heb.
1236 3010 1297 3064 et
1322 3005 1459 3064 Kal.
1491 3004 1600 3081 21]
1651 3006 1761 3065 col.
1788 3006 1853 3065 H
1889 3026 1944 3064 v.
1977 2998 2045 3087 9)
2083 3009 2148 3065 in
2185 3009 2444 3066 aetatem

405 3095 597 3153 multo
657 3095 1057 3170 antiquiorem
1114 3114 1292 3170 quam
1351 3115 1471 3171 qua
1515 3095 1734 3154 vixerit
1778 3095 2077 3173 Diogenes
2123 3113 2231 3155 nos
2275 3114 2444 3155 revo-

405 3202 540 3241 care
587 3185 820 3242 statuit.
913 3202 1067 3260 quae
1124 3204 1260 3243 cum
1313 3186 1405 3243 ita
1459 3186 1582 3245 sint
1627 3187 1687 3243 et
1733 3203 1865 3242 cum
1914 3183 2058 3244 haec
2104 3185 2449 3262 fragmenta

406 3272 613 3331 eodem
659 3273 789 3331 loco
836 3275 1017 3348 atque
1065 3276 1263 3332 cetera
1308 3275 1557 3332 inventa
1603 3274 1796 3333 simile
1838 3273 2100 3333 habeant
2144 3275 2220 3332 iis
2267 3292 2449 3351 argu-

406 3364 677 3421 mentum
725 3364 783 3420 et
828 3361 982 3422 hanc
1028 3362 1102 3420 ob
1150 3380 1391 3421 causam
1432 3363 1577 3438 quin
1621 3362 1687 3421 in
1731 3362 1939 3422 eodem
1973 3363 2204 3421 fuerint
2236 3381 2450 3421 monu-

406 3453 609 3509 mento
650 3450 915 3509 dubitari
951 3470 1069 3510 non
1106 3452 1314 3527 possit,
1352 3451 1708 3511 credendum
1745 3470 1870 3511 esse
1907 3451 2078 3511 nobis
2117 3451 2451 3528 Diogenem

407 3539 698 3616 praesidis
755 3541 1008 3600 alicuius
1064 3540 1300 3600 scholae
1349 3542 1679 3617 Epicureae
1727 3541 2051 3617 epistulam
2104 3539 2449 3615 producere,

407 3632 481 3686 ut
536 3630 764 3689 scilicet
819 3648 967 3703 quas
1022 3631 1152 3706 ipse
1207 3631 1477 3706 proferat
1533 3631 1859 3690 sententias
1913 3631 2108 3708 magis
2156 3629 2447 3690 stabiliat.
