2693 4100
1251 195 1581 248 -X„-

396 357 659 446 (XVIH)
698 369 758 424 et
792 367 857 424 in
895 365 966 423 fr.
1008 366 1088 425 56
1132 356 1299 445 (XV)
1339 365 1686 440 alloquitur,
1730 364 1942 424 deinde
1979 365 2135 440 quod
2173 368 2431 426 secunda

395 474 649 531 persona
676 457 746 513 ut
773 457 837 512 in
865 455 958 513 his
987 456 1340 533 fragmentis
1371 456 1456 512 sic
1486 456 1669 512 etiam
1695 455 1767 512 fr.
1791 456 1872 512 39
1906 447 2103 535 (ΧΙΧ)
2131 475 2185 514 v.
2210 457 2245 514 3
2278 448 2428 537 (πα-

396 541 874 618 ραδεδομένους
930 539 1058 603 ὑπὸ
1108 543 1234 603 σοῦ
1283 536 1555 625 λόγους)
1604 545 1887 618 occurrit,
1932 546 2003 601 ut
2045 544 2159 603 hoc
2196 564 2428 620 quoque

393 634 799 711 fragmentum
855 636 959 691 aut
1015 652 1082 692 ex
1140 632 1397 707 epistula
1455 636 1559 691 aut
1610 652 1685 690 ex
1738 632 1979 710 dialogo
2036 633 2239 709 aliquo
2304 652 2429 692 esse

382 725 700 798 appareat,
738 725 870 780 tum
905 724 1161 780 maxime
1199 732 1294 797 eo‘,
1334 721 1510 797 quod,
1550 740 1685 780 cum
1719 723 1784 780 in
1821 722 1892 779 fr.
1935 715 2124 799 37l38
2166 716 2428 803 (XVIII)

395 812 504 870 col.
533 812 566 870 I
610 811 904 885 promissa
959 812 1037 869 sit
1082 812 1333 887 physica
1388 810 1716 887 disputatio
1765 811 1836 869 de
1883 811 2432 871 innumerabilitate

393 901 771 973 mundorum,
819 900 1091 959 omnibus
1137 901 1259 959 fflis
1301 899 1654 977 fragmentis
1700 899 1822 958 tale
1868 904 1959 958 est
1996 903 2432 977 argumentum,

395 991 571 1066 quale
629 990 704 1048 ad
761 1009 892 1047 eam
949 990 1359 1065 quaestionem
1422 991 1646 1064 optime
1704 989 1981 1065 quadret3
2037 1007 2176 1046 nam
2231 990 2303 1048 fr.
2348 991 2428 1048 39

395 1072 594 1159 (XIX)
633 1098 687 1136 v.
724 1085 759 1137 5
798 1078 1052 1155 legimus
1091 1073 1279 1154 ὅλ[ον
1317 1075 1434 1136 τὸν
1474 1070 1785 1156 κό[σ]μον
1824 1072 2186 1155 ἀνα1[ρεῑν],
2226 1079 2432 1137 eodem

393 1169 730 1246 fragmento
786 1187 839 1226 v.
876 1171 955 1225 14
1014 1168 1085 1226 de
1140 1169 1303 1226 terra
1362 1169 1562 1244 agitur
1618 1158 1830 1247 (etiam
1875 1168 2249 1244 paragraphe
2295 1188 2351 1226 v.
2396 1172 2426 1225 1

393 1249 671 1334 legitur)3
719 1258 789 1315 fr.
832 1259 914 1315 46
955 1249 1148 1336 (XXI)
1202 1258 1403 1314 autem
1440 1256 1735 1331 quomodo
1782 1257 1848 1314 in
1884 1257 2038 1315 hanc
2074 1257 2429 1332 disputatio-

393 1365 531 1404 nem
594 1345 972 1404 inserendum
1045 1346 1149 1419 sit,
1224 1364 1330 1405 suo
1394 1345 1525 1404 loco
1601 1345 1887 1420 dicemuS,
1961 1345 2057 1404 hic
2130 1348 2277 1404 satis
2343 1349 2432 1405 est

392 1439 456 1494 te
502 1435 577 1493 ad
624 1456 678 1494 v.
722 1438 802 1493 14
853 1430 999 1508 μίαν
1056 1430 1128 1493 δέ
1182 1451 1325 1493 τινα
1382 1427 1559 1512 γῆ[ν]
1615 1453 1921 1508 revocare,
1976 1437 2047 1492 ut
2100 1435 2302 1493 videas
2358 1435 2429 1492 de

393 1543 640 1582 numero
687 1527 984 1582 terrarum
1031 1524 1135 1600 agi
1181 1518 1395 1603 (etiam
1421 1525 1799 1600 paragraphe
1838 1523 2109 1582 adhibita
2138 1516 2272 1603 est).
2340 1528 2423 1582 at-

394 1632 512 1688 que
560 1631 696 1671 cum
743 1613 1011 1671 omnium
1056 1613 1266 1671 horum
1314 1614 1789 1688 fragmentorum
1835 1613 1947 1671 hoc
1993 1631 2228 1688 quoque
2276 1631 2429 1673 com·

392 1722 570 1760 mune
625 1703 732 1776 sit,
793 1701 954 1777 quod
1014 1704 1213 1776 spatia
1272 1720 1492 1779 magna
1554 1720 1732 1777 supra
1795 1704 1854 1758 et
1911 1701 2069 1759 infra
2125 1702 2431 1761 columnas

393 1791 608 1850 relicta
649 1795 787 1849 sunt
837 1782 1012 1871 (quia
1047 1810 1168 1850 non
1204 1790 1429 1849 habent
1467 1793 1741 1866 quintam
1778 1790 2069 1850 decimam
2105 1791 2326 1849 lineam
2363 1795 2432 1849 ut

394 1881 733 1957 fragmenta
770 1872 992 1960 ethica>
1022 1880 1098 1938 iis
1136 1879 1583 1956 adiungendum
1620 1899 1745 1939 esse
1773 1878 2010 1938 videtur
2030 1881 2212 1938 etiam
2240 1881 2313 1937 fr.
2346 1880 2428 1939 85

395 1960 645 2050 (XVII),
676 1989 792 2045 quo
823 1968 1142 2028 secundam
1171 1987 1407 2044 quoque
1444 1988 1757 2044 personam
1796 1970 2029 2027 invenis
2068 1961 2321 2049 (ποθεῖς
2368 1965 2427 2027 ἐ-

382 2052 617 2139 γκεῑνο).
667 2059 756 2117 De
785 2060 857 2118 fr.
889 2061 970 2117 82
1005 2052 1343 2139 (XXVIII),
1385 2060 1542 2134 quod
1588 2062 1791 2117 utrum
1833 2061 2106 2134 quintam
2143 2058 2434 2117 decimam

393 2148 672 2207 habuerit
708 2150 930 2207 lineam
966 2167 1149 2207 necne
1178 2167 1296 2206 non
1326 2148 1720 2226 cognoscitur,
1750 2147 2011 2207 dubitari
2048 2151 2274 2224 potest,
2310 2167 2429 2207 res-

395 2257 511 2312 que
557 2256 625 2295 ex
683 2257 750 2296 eo
806 2237 1051 2312 pendet,
1107 2238 1403 2312 quomodo
1460 2255 1663 2296 versus
1720 2239 1987 2312 corrupti
2037 2237 2433 2313 suppleantur

396 2322 656 2406 (ethicae
703 2325 1096 2401 disputationi
1134 2319 1431 2406 attribui).
1507 2327 1736 2385 accedit
1781 2346 1966 2384 unum
2011 2328 2433 2403 fragmentum,

396 2415 556 2490 quod
603 2434 640 2474 a
687 2413 943 2486 Oousino
1000 2414 1126 2474 solo
1184 2417 1488 2474 servatum
1535 2406 1637 2495 (fr.
1681 2417 1762 2474 10
1802 2414 1992 2489 Cous,
2038 2415 2109 2472 fr.
2151 2416 2233 2473 44
2282 2414 2431 2473 Heb.

394 2507 456 2563 et
502 2504 634 2563 Kal.
684 2498 881 2583 [XX])
928 2504 1109 2562 nullis
1164 2503 1401 2563 indiciis
1456 2505 1817 2563 instructum
1863 2507 1969 2577 est,
2019 2504 2231 2579 quibus
2278 2503 2432 2580 lapi-

396 2593 487 2651 dis
534 2594 787 2652 formam
836 2611 1169 2670 cognoscas.
1254 2592 1357 2651 sed
1404 2612 1538 2651 cum
1585 2593 1691 2651 col.
1726 2592 1791 2651 H
1836 2613 1890 2651 v.
1927 2594 2005 2651 12
2058 2594 2312 2669 scriptor
2357 2593 2431 2651 de

394 2683 506 2741 hoc
551 2683 773 2741 mundo
820 2682 1105 2757 loquatur
1153 2673 1322 2762 (οὐδ’
1372 2676 1485 2740 ὅδε
1533 2677 1570 2739 ὁ
1610 2674 1905 2763 κόσμος),
1952 2683 2258 2757 putaveris
2296 2682 2435 2740 huic

392 2772 616 2831 mundo
664 2773 812 2830 alios
870 2772 1177 2846 oppositos
1234 2790 1385 2844 esse3
1441 2770 1645 2845 itaque
1691 2771 1802 2830 hoc
1850 2790 2086 2846 quoque
2132 2772 2433 2848 fragmen-

394 2864 524 2918 tum
579 2860 975 2936 disputationi
1031 2860 1104 2918 de
1163 2860 1521 2919 mundorum
1584 2859 2134 2919 innumerabilitate
2188 2862 2432 2918 inserui.

394 2952 587 3027 magis
634 2949 1002 3008 dubitaveris
1048 2969 1192 3007 num
1238 2948 1406 3007 aliud
1449 2950 1852 3025 fragmentum
1905 2949 1977 3007 ab
2027 2949 2230 3008 eodem
2278 2947 2432 3007 Cou-

394 3041 524 3098 sino
590 3039 717 3098 solo
784 3038 954 3098 nobis
1000 3038 1291 3096 traditum
1349 3029 1448 3118 (fr.
1492 3040 1572 3097 15
1624 3036 1813 3112 Cous,
1863 3039 1942 3097 51
1993 3038 2141 3097 Heb.
2190 3041 2251 3096 et
2296 3037 2436 3096 Kal.

396 3119 625 3208 [XVID
671 3129 830 3186 recte
876 3128 993 3186 huc
1039 3128 1346 3186 referatur.
1440 3127 1543 3186 sed
1599 3146 1734 3185 cum
1779 3128 2013 3186 nullum
2060 3128 2225 3186 aliud
2269 3127 2433 3203 frag-

392 3219 664 3275 mentum
711 3221 901 3276 exstet
946 3216 1428 3292 quattuordecim
1475 3236 1770 3290 versuum,
1818 3235 1936 3291 quo
1984 3216 2239 3292 scriptor
2286 3215 2435 3273 ami-

396 3325 529 3365 cum
578 3306 841 3381 aliquem
888 3307 1259 3380 alloquatur,
1316 3305 1433 3363 nisi
1482 3324 1552 3363 ea
1599 3324 1752 3381 quae
1800 3307 2095 3380 epistulae
2138 3305 2307 3363 illius
2358 3304 2436 3362 ad

393 3395 786 3470 Antipatrum
833 3396 1007 3454 datae
1055 3398 1215 3469 sunt,
1261 3394 1373 3454 hoc
1422 3413 1656 3469 quoque
1703 3395 1851 3452 mihi
1889 3394 2126 3454 videtur
2169 3394 2264 3451 illi
2311 3396 2434 3469 epi-

394 3484 585 3543 stulae
634 3503 759 3544 esse
804 3485 1200 3543 tribuendum.

528 3572 814 3634 Venimus
853 3574 931 3632 ad
966 3573 1228 3649 reliquos
1265 3572 1496 3648 lapides
1534 3574 1641 3648 qui
1679 3573 1885 3633 eadem
1915 3572 2234 3632 altitudine
2273 3575 2437 3647 sunt,
