2693 4100
1052 313 1118 322 —
1193 280 1490 335 xxv—

251 451 674 509 secernendum
730 470 852 510 esse
909 450 1312 526 ostenderent,
1367 453 1569 511 tamen
1634 452 1871 527 reliqua
1933 455 2285 530 argumenta

252 540 396 598 satis
451 539 667 599 idonea
723 559 847 600 esse
903 541 1268 616 putaverunt
1323 540 1401 597 ad
1448 541 1739 617 originem
1785 541 2142 616 Epicuream
2188 543 2286 600 de-

249 629 714 687 monstrandam.

388 717 504 776 Sed
549 736 670 776 non
726 719 873 777 satis
929 720 1020 776 est
1066 737 1355 794 exponere
1406 738 1523 776 non
1569 719 1828 777 multum
1872 720 2072 779 valere
2111 740 2286 797 argu·

251 808 455 865 menta
512 826 664 882 quae
718 810 1160 883 proponuntur,
1215 826 1352 866 cum
1404 810 1606 866 tamen
1664 809 1885 884 aliquis
1942 810 2090 869 satis
2144 809 2286 868 fidei

251 896 507 954 fortasse
570 897 800 954 tribuat
865 900 925 954 et
990 897 1370 956 similitudini
1435 897 1522 955 rei
1588 900 1648 956 et
1691 896 1975 957 ‘Cleontis
2040 899 2286 957 nomini.

252 986 462 1059 itaque
508 1005 539 1042 e
587 987 886 1044 contrario
932 985 1177 1061 probari
1211 986 1464 1044 fortasse
1511 989 1709 1061 potest
1746 987 1820 1045 ab
1857 987 2117 1063 Epicuro
2158 989 2285 1062 qui-

254 1074 391 1132 dem
437 1073 754 1150 epistulam
801 1075 980 1133 scribi
1024 1094 1144 1134 non
1190 1075 1471 1150 potuisse.
1536 1075 1696 1151 quod
1733 1076 2058 1135 certissime
2096 1078 2291 1135 evinci

255 1181 430 1238 posse
476 1165 625 1239 puto
665 1182 931 1222 sermone
966 1164 1144 1222 huius
1184 1165 1476 1239 epistulae
1525 1183 1659 1223 cum
1695 1164 1943 1240 Epicuri
1980 1184 2131 1241 quae
2170 1184 2290 1224 ser-

254 1254 396 1310 vata
443 1254 582 1309 sunt
628 1253 866 1329 scriptis
913 1253 1148 1311 collate.
1234 1273 1414 1329 quam
1461 1255 1869 1328 quaestionem
1906 1257 1997 1312 ita
2032 1254 2289 1325 institui,

256 1346 326 1399 ut
383 1342 641 1415 primum
703 1341 1016 1400 verborum
1079 1345 1142 1400 in
1205 1343 1453 1418 Epicuri
1521 1344 1757 1418 scriptis
1818 1347 1879 1401 et
1935 1344 2291 1420 fragmentis

254 1430 616 1488 traditorum
660 1429 918 1489 indicem
964 1434 1416 1507 composuerim,
1463 1430 1673 1491 deinde
1710 1432 1980 1507 viderim,
2027 1452 2180 1509 quae
2225 1432 2289 1490 in

255 1520 368 1577 hac
424 1519 682 1594 epistula
748 1522 985 1579 exstant
1037 1520 1219 1579 verba
1280 1524 1482 1580 utrum
1539 1521 1614 1578 ab
1671 1522 1933 1597 Epicuro
1999 1523 2290 1597 usuipata

257 1610 380 1667 sint
424 1627 626 1680 necne,
671 1611 801 1667 tum
840 1628 926 1684 ea,
966 1609 1181 1685 quibus
1217 1610 1322 1668 ille
1359 1628 1479 1668 non
1516 1612 1726 1685 utitur,
1765 1610 1924 1686 apud
1963 1629 2110 1686 quos
2148 1614 2289 1669 scri-

258 1699 458 1772 ptores
516 1701 578 1755 et
632 1717 752 1773 qua
808 1699 1006 1757 aetate
1052 1701 1439 1758 inveniantur
1489 1700 1925 1774 exquisiverim,
1973 1702 2291 1776 praecipue

259 1789 481 1859 autem,
528 1789 729 1845 utrum
777 1788 1025 1863 Epicuri
1069 1788 1438 1864 temporibus
1475 1790 1598 1846 iam
1635 1789 1860 1848 usitata
1897 1789 2123 1848 fuerint
2158 1807 2290 1847 nec-

259 1895 348 1931 ne.
438 1894 769 1951 proponam
825 1876 1014 1954 igitur
1066 1876 1323 1935 indicem
1378 1895 1584 1935 eorum
1630 1874 1971 1952 verborum,
2019 1897 2169 1953 quae
2217 1877 2295 1935 ad

259 1964 411 2022 hanc
460 1965 867 2039 quaestionem
912 1966 1082 2024 nobis
1127 1968 1265 2024 usui
1311 1969 1465 2024 sunt.

395 2048 1105 2129 ἀντιλαμβάνεσθαι
1148 2048 1246 2134 (fr.
1276 2054 1471 2114 LXIV
1500 2057 1661 2115 col.I
1701 2056 2056 2114 v.2-=HK
2094 2057 2293 2131 fr.21,
2411 2074 2415 2078 ⁴

260 2144 366 2202 col.
396 2143 429 2201 I
465 2163 519 2201 v.
553 2135 621 2224 2)
662 2162 731 2202 ea
779 2163 962 2220 quam
1005 2145 1103 2203 hic
1158 2144 1340 2203 habet
1396 2144 1890 2222 significationem
1937 2138 2036 2226 (=
2066 2141 2291 2205 αἰσθά·

258 2234 512 2302 νεσθαι,
550 2225 882 2314 percipere)
937 2252 1132 2309 neque
1179 2234 1254 2292 ab
1302 2235 1563 2309 Epicuro
1610 2237 1935 2309 usurpatur
1978 2254 2171 2311 neque
2218 2234 2293 2293 ab

258 2321 384 2379 ullo
433 2325 572 2380 ante
618 2321 944 2398 Epicurum
992 2324 1294 2398 scriptore.
1378 2343 1569 2399 neque
1616 2324 1774 2382 enim
1812 2343 1963 2399 quae
2010 2325 2298 2400 leguntur

258 2409 421 2468 Plut.
479 2411 611 2468 adv.
672 2410 793 2471 Ool.
837 2412 873 2470 5
922 2432 978 2487 p.
1023 2413 1252 2471 1109d
1299 2408 1726 2473 διδάσκουσιν
1775 2409 1867 2486 ὡς
1915 2408 2293 2487 ἀναπεφυρ-

262 2495 474 2572 μένων
530 2497 632 2559 καὶ
689 2498 1223 2575 συμμεμιγμένων
1279 2497 1444 2575 ὁμοῦ
1501 2518 1558 2559 τι
1615 2497 1908 2572 πάντων,
1968 2496 2171 2561 ἄλλου
2229 2497 2293 2559 δ’

262 2582 440 2667 ἄλλῳ
488 2586 862 2664 πεφυκότος
920 2586 1350 2664 ἐναρμόττειν,
1409 2587 1527 2650 οὐκ
1575 2586 1713 2649 ἔστι
1751 2590 1865 2663 τῆς
1914 2587 2111 2663 αὐτῆς
2150 2607 2292 2649 ποι-

261 2673 498 2750 ότητος
546 2674 763 2753 ἐπαφὴ
814 2676 916 2737 καὶ
964 2674 1304 2752 ἀντίληψις
1354 2678 1481 2738 κτλ.
1531 2698 1636 2737 cur
1679 2678 2007 2738 Metrodori
2050 2680 2297 2755 propria

258 2766 443 2824 verba
488 2766 760 2826 habenda
817 2770 939 2826 sint
992 2768 1120 2826 ulla
1177 2771 1266 2827 est
1312 2787 1492 2828 causa
1539 2760 1752 2848 (Korte
1797 2768 2046 2826 Metrod.
2093 2769 2165 2825 fr.
2210 2760 2297 2848 1),

259 2874 454 2930 neque
499 2855 920 2932 Aristophanis
959 2857 1317 2936 Thesmoph.
1365 2876 1572 2916 versus
1606 2859 1730 2915 242
1781 2860 1906 2915 sine
1953 2856 2132 2915 dubio
2170 2874 2297 2915 cor-

259 2948 474 3020 ruptus
532 2942 682 3019 πρὶν
745 2940 1200 3020 ἀντιλαβέσθαι
1223 2991 1229 2995 -
1255 2944 1557 3021 πρωκτὸν
1614 2946 1727 3019 τῆς
1794 2942 2048 3021 φλογός
2114 2945 2297 3003 ullius

261 3035 549 3093 momenti
595 3053 720 3093 esse
767 3033 984 3110 potest.
1076 3035 1257 3094 immo
1302 3038 1568 3112 primum
1602 3036 1825 3114 legitur
1880 3035 2038 3110 apud
2084 3035 2297 3092 Arium

262 3122 605 3197 Didymum,
653 3126 786 3183 tum
832 3123 1103 3198 Aetium,
1149 3142 1286 3182 raro
1334 3117 1517 3183 etiam
1565 3124 1727 3200 apud
1771 3124 2187 3197 Plutarchum,
2234 3125 2300 3181 at

261 3211 724 3272 usitatissimum
771 3216 861 3272 est
906 3213 1064 3288 apud
1114 3213 1431 3289 scriptores
1468 3213 1856 3289 philosophos
1904 3215 2300 3289 posteriorum

261 3304 631 3376 temporum,
685 3305 758 3360 ut
810 3302 1213 3378 Porphyrium
1277 3305 1338 3361 et
1397 3302 1738 3362 Aristotelis
1805 3304 2298 3361 commentatores

265 3382 480 3469 (etiam
519 3385 860 3465 ἀντίληψις
901 3395 961 3450 et
989 3387 1442 3466 ἀντιληπτικός
1471 3418 1538 3437 =
1557 3395 1850 3465 perceptio
1881 3396 1941 3449 et
1967 3393 2299 3464 percipiens

260 3478 378 3535 huc
421 3472 772 3560 pertinent).
849 3481 1009 3554 apud
1044 3482 1375 3559 Diogenem
1410 3482 1612 3556 ipsum
1657 3480 1839 3539 habes
1887 3499 2095 3539 vocem
2128 3474 2299 3538 ἀντί·

264 3566 462 3640 ληψις
501 3569 572 3625 fr.
602 3567 687 3624 IV
728 3561 824 3650 (=
854 3569 1002 3628 Heb.
1042 3573 1102 3627 et
1136 3570 1269 3629 Kal.
1303 3563 1419 3651 41)
1460 3569 1568 3627 col.
1597 3569 1658 3627 H
1704 3589 1759 3627 v.
1795 3571 1849 3626 7.
1935 3589 2002 3628 ac
2048 3570 2302 3627 fortasse

261 3655 438 3714 nobis
496 3657 819 3735 contingit,
872 3660 943 3716 ut
997 3660 1290 3733 quomodo
1336 3677 1452 3718 vox
1501 3653 2085 3732 ἀντιλαμβάνεσθαι
2131 3658 2301 3715 illam
