2693 4100
1018 253 1464 315 -77-

222 415 324 470 cfr.
367 413 478 469 Cic.
517 412 556 469 1.
596 430 642 468 c.
681 418 712 478 ξ
742 417 809 466 35
864 428 959 483 eqo
1005 417 1188 466 autem
1222 427 1339 464 non
1384 410 1661 480 intelleyo,
1716 426 1822 478 quo
1869 411 2026 465 modo
2081 412 2260 465 calore

219 488 463 542 extincto
517 500 748 554 corpora
801 484 1099 548 intereant,
1160 499 1273 535 non
1328 484 1602 536 intereant
1663 496 1849 535 umore
1904 488 2003 536 aut
2054 484 2260 550 spiritu

221 560 444 623 amisse,
470 556 798 625 praesmim
824 571 949 610 cum
976 556 1317 608 intereant
1355 555 1520 607 etiam
1550 553 1760 606 nimio
1796 554 2017 607 calore
2064 555 2260 608 contra

223 647 317 684 eos
354 627 633 693 locutum,
671 625 771 694 qui
805 642 907 694 per
942 626 1171 695 igneam
1204 625 1321 678 vim
1358 622 1627 677 animalia
1663 621 1850 677 vivere
1887 623 2097 679 volunt.

367 700 450 754 fr.
480 699 563 754 VI
616 697 718 752 col.
748 698 789 751 Ι.
865 698 934 750 de
981 696 1203 750 infinito
1248 695 1435 764 spatio
1482 694 1578 765 agi
1624 692 1898 763 reliquiae
1942 694 2261 750 litterarum

224 770 476 826 indicare
520 768 663 822 mihi
705 769 983 823 videntur.
1068 766 1190 820 cfr..
1214 767 1374 821 Lucr.
1417 767 1443 819 I
1495 784 1545 820 v.
1579 769 1681 819 968
1702 783 1821 835 sqq.
1870 774 2157 836 practerea
2211 770 2263 822 si

225 845 342 897 iam
384 843 608 911 finitum
653 842 1022 896 constituatur
1068 856 1222 894 omne
1269 840 1415 907 quod
1458 845 1537 892 est
1570 839 1839 907 spatimn,
1889 840 1941 892 si
1976 841 2100 908 quis
2125 857 2259 908 pro-

221 921 414 969 currat
459 914 535 967 ad
580 929 708 967 oras
760 912 987 966 ultimas
1042 918 1308 965 extremas
1364 911 1638 978 iaciatque
1687 910 1907 964 volatile
1961 912 2144 978 telum,
2199 911 2262 964 id

220 986 430 1040 validis
482 991 667 1038 utrum
722 990 1027 1038 contortum
1075 984 1288 1036 viribus
1332 983 1414 1034 ire
1461 997 1565 1049 quo
1609 981 1784 1047 faerit
1825 983 2051 1036 missum
2088 985 2264 1037 mavis

222 1059 483 1127 lonyeque
500 1056 699 1120 volare,
719 1072 797 1109 an
811 1055 1094 1123 prohibere
1111 1054 1330 1122 aliquid
1342 1069 1523 1107 censes
1541 1054 1853 1120 obstareque
1873 1053 2070 1121 posse?
2090 1069 2135 1107 e.
2150 1072 2202 1122 q.
2217 1072 2259 1108 s.

223 1145 340 1182 non
383 1126 562 1196 igitur
605 1125 700 1179 hic
746 1127 942 1179 contra
977 1124 1195 1180 Stoicos
1234 1123 1558 1192 disputatur
1594 1124 1768 1193 (quod
1800 1122 2014 1178 Usener
2055 1126 2263 1194 putat),

225 1215 571 1269 quamquam
605 1197 674 1251 fr.
703 1197 756 1250 V
793 1196 896 1252 col.
926 1196 978 1250 H
1008 1201 1036 1248 7
1082 1199 1214 1249 ante
1251 1195 1635 1249 Democritum
1672 1192 1848 1249 Stoici
1883 1196 2262 1250 nominantur.

225 1270 326 1326 sed
366 1269 562 1323 eodem
597 1267 722 1324 loco
750 1267 875 1336 (col.
895 1267 974 1321 III
1003 1273 1034 1321 9
1055 1270 1198 1337 sqq.)
1236 1266 1476 1334 scriptor
1511 1265 1686 1319 etiam
1721 1266 1827 1320 hoc
1866 1267 2025 1331 dicit,
2061 1267 2266 1322 Demo-

224 1342 432 1396 critum
467 1342 619 1394 recte
655 1340 887 1408 quidem
925 1341 1141 1393 atomos
1177 1354 1365 1392 rerum
1402 1337 1681 1392 elementa
1718 1337 1960 1405 duxisse,
1999 1340 2099 1392 sed
2137 1356 2265 1393 cum

222 1413 286 1466 in
323 1410 612 1475 nonnullis
649 1410 935 1476 erraverit,
971 1412 1186 1478 postea,
1224 1426 1353 1463 cum
1379 1408 1782 1478 Epicureorum
1812 1425 2003 1464 veram
2041 1413 2263 1464 senten-

222 1486 369 1538 tiam
419 1484 687 1552 exponat,
736 1499 796 1535 se
844 1483 913 1535 de
960 1498 1025 1536 eo
1071 1482 1455 1535 iudicaturum
1491 1496 1628 1534 esse.
1703 1480 1900 1549 itaque
1944 1481 2076 1535 huic
2112 1481 2267 1552 frag-

226 1557 418 1610 mento
475 1553 591 1608 iam
636 1554 751 1607 alia
797 1553 1041 1607 anteisse
1086 1553 1342 1621 putanda
1389 1554 1546 1619 sunt,
1602 1550 1808 1619 quibus
1846 1551 2088 1620 Epicuro
2127 1553 2266 1621 quid

224 1626 478 1696 placeret
516 1626 586 1679 de
624 1624 917 1680 elementis
954 1624 1296 1692 explicatum
1325 1625 1489 1677 esset.
1561 1622 1860 1676 Praeterea
1897 1639 2041 1691 quae
2063 1623 2266 1678 Demo-

231 1698 374 1752 crito
415 1696 514 1751 col.
546 1696 599 1749 Π
636 1696 974 1763 obiciuntur,
1011 1712 1123 1748 non
1163 1695 1236 1748 ad
1273 1697 1492 1749 atomos
1528 1694 1690 1777 ipsas·
1717 1692 2269 1778 pertinent,.sed·ad

229 1785 475 1894 {311103’52
512 1784 599 1893 ἓῖι
631 1767 758 1894 ῗέἒὲ
794 1764 2268 1907 {3313‘’53221012egffiussasugssffffssoefissfgz2¹52

229 1927 416 1965 rerum
456 1927 575 1964 esse
613 1912 671 1964 et
697 1909 1080 1965 Democritum
1117 1909 1459 1977 quibusdam
1495 1909 1555 1962 in
1591 1907 1759 1962 rebus
1797 1925 2010 1964 errasse
2038 1909 2266 1964 demon-

231 1982 533 2036 strabatur.

373 2073 423 2109 v.
456 2057 556 2126 6s7
602 2054 698 2108 cfr.
735 2054 836 2123 Ep.
868 2054 1008 2122 ep.I
1043 2059 1109 2107 67
1148 2055 1216 2106 τὸ
1254 2056 1418 2106 κενὸν
1457 2055 1589 2106 οὔτε
1626 2057 1857 2119 ποιῆσαι
1903 2055 2034 2107 οὔτε
2071 2058 2268 2108 παθεῖν

231 2129 479 2181 δύναται

373 2216 421 2250 v.
455 2203 536 2249 13.
614 2195 930 2251 subiectum
978 2198 1099 2248 erat
1145 2195 1384 2249 fortasse
1431 2196 1619 2260 ὀιστός
1665 2197 1903 2264 (volatile
1948 2197 2109 2250 telum
2161 2196 2270 2249 Lu-

238 2269 480 2335 cretius).

377 2338 480 2393 col.
509 2340 561 2392 11
597 2356 648 2392 v.
682 2344 713 2391 2
752 2341 839 2392 ὅτι
876 2340 1028 2393 οἶδεν
1066 2340 1230 2406 αὐτό]
1268 2336 1389 2392 scil.
1426 2340 1494 2391 τὸ
1531 2341 1705 2405 τέλος,
1742 2340 1810 2391 τὸ
1846 2341 2036 2405 τέρμα.
2107 2338 2269 2404 nihil,

232 2410 420 2478 inquit
458 2411 713 2478 scriptor,
771 2409 1025 2477 impedit,
1082 2426 1153 2462 ne
1198 2410 1378 2462 telum
1415 2411 1574 2462 extra
1609 2411 1913 2462 terminum
1950 2409 2196 2463 universi
2236 2427 2268 2462 a

229 2481 391 2536 vobis
429 2481 802 2536 constitutum
839 2481 1179 2550 egrediatur,
1218 2497 1342 2533 cum
1384 2480 1553 2535 inane
1591 2480 1644 2533 ei
1679 2497 1792 2534 non
1820 2480 2019 2534 obstet.
2088 2497 2270 2548 neque

235 2553 385 2607 enim
435 2553 588 2606 credi
633 2555 848 2621 potest,
885 2552 971 2606 -ob
1019 2569 1145 2606 eam
1192 2568 1421 2606 causam
1464 2550 1607 2605 illud
1644 2550 1823 2604 telum
1858 2551 2123 2621 progredi
2159 2570 2272 2606 non

233 2640 417 2694 posse,
474 2625 609 2691 quia
654 2623 799 2677 sciat
842 2623 991 2676 hunc
1048 2639 1167 2676 esse
1221 2622 1524 2676 terminum
1580 2622 1838 2676 universi.
1913 2623 2130 2677 iocosus
2187 2627 2274 2677 est

232 2696 476 2764 scriptor
512 2698 577 2748 ut
612 2693 678 2749 fr.
709 2694 784 2746 XI
822 2698 879 2748 et
914 2693 1071 2747 XXV
1107 2694 1209 2749 col.
1238 2694 1318 2746 III
1353 2712 1402 2747 v.
1435 2695 1538 2777 2J3.

378 2785 425 2821 v.
458 2771 490 2820 8
527 2768 795 2834 νομιστεί]
825 2764 1098 2819 nonnulla
1124 2766 1292 2819 huius
1321 2765 1478 2819 verbi
1510 2763 1766 2833 exempla
1795 2765 2031 2820 adnotat
2060 2765 2274 2824 Usener

235 2836 454 2907 (Galen.
514 2838 583 2892 de
640 2837 799 2891 elem.
857 2853 964 2891 sec.
1021 2836 1285 2906 Hippocr.
1342 2837 1369 2890 I
1412 2842 1444 2889 2
1506 2840 1547 2890 t.
1604 2837 1630 2890 1
1683 2854 1736 2905 p.
1784 2842 1887 2889 417
1936 2836 2022 2903 K„
2097 2837 2269 2891 Marc.

233 2911 369 2964 Aur.
403 2915 451 2977 7,
474 2914 567 2973 31,
625 2908 773 2962 Sext.
813 2908 974 2978 Emp.
1012 2909 1206 2978 hypot.
1238 2914 1287 2975 3,
1309 2909 1452 2977 232).
1511 2940 1577 2949 --
1636 2924 1827 2961 sensus
1874 2924 2098 2962 veraces
2153 2925 2273 2962 esse

235 2983 412 3050 caput
463 2980 745 3048 quoddam
802 2981 922 3034 erat
979 2979 1268 3034 doctrinae
1313 2979 1648 3048 Epicureae,
1704 2982 1763 3033 et
1806 2979 1962 3047 ideo,
2018 2980 2275 3046 quamvis

237 3052 414 3106 atomi
451 3050 609 3120 ipsae
647 3050 953 3119 qualitates
991 3068 1102 3105 non
1139 3051 1414 3120 haberent
1459 3051 1569 3104 nisi
1614 3051 1876 3116 formam,
1928 3050 2274 3119 magnitudi-

234 3141 382 3189 nem,
423 3122 538 3176 alia
575 3123 851 3177 eiusmodi
881 3122 1004 3191 (Ep.
1036 3140 1120 3191 ep.
1151 3121 1178 3175 Ι
1214 3129 1245 3189 5
1275 3125 1383 3192 54),
1429 3125 1622 3177 tamen
1660 3137 1885 3176 necesse
1922 3124 2042 3175 erat
2081 3139 2273 3190 corpo·

233 3195 392 3249 ribus
450 3210 519 3249 ex
571 3194 642 3247 iis
700 3194 1025 3263 compositis
1083 3197 1296 3248 ceteras
1343 3211 1566 3262 quoque
1621 3192 1925 3262 qualitates
1969 3193 2273 3247 vindicare.

233 3266 435 3332 itaque
473 3262 693 3320 Colotes
739 3266 801 3318 in
847 3264 994 3319 libro
1041 3282 1207 3333 quem
1253 3264 1544 3333 inscripsit
1590 3268 1713 3333 ,,ὅτι
1757 3267 1898 3318 κατὰ
1934 3270 2052 3319 τῶν
2090 3266 2276 3319 ἄλλων

238 3339 578 3405 φιλοσόφων
617 3338 869 3404 δόγματα
908 3338 1042 3391 οὐδὲ
1078 3341 1182 3404 ζῆν
1220 3339 1406 3392 ἔστιν“
1444 3338 1618 3390 etiam
1663 3337 1859 3390 contra
1895 3334 2278 3389 Democritum

237 3408 553 3477 disputavit
589 3408 691 3462 has
730 3424 920 3462 omnes
958 3407 1265 3476 qualitates
1315 3408 1611 3462 tollentem
1648 3407 1767 3473 (cfr.
1806 3405 1954 3460 Plut.
1995 3407 2118 3460 adv.
2159 3406 2274 3461 Col.

237 3497 362 3548 cap.
393 3484 424 3531 8
448 3482 618 3548 sqq.);
682 3482 852 3548 atque
889 3495 1002 3533 non
1040 3478 1221 3534 solum
1257 3478 1580 3533 Democrito
1618 3479 1718 3532 sed
1755 3477 2015 3533 omnibus
2052 3496 2275 3548 quoque

235 3551 439 3606 ceteris
475 3548 825 3620 philosophis
863 3550 1094 3618 obiecit,
1142 3551 1294 3618 quod
1331 3550 1508 3603 vitam
1545 3567 1766 3604 omnem
1810 3547 2091 3603 tollerent.
2166 3550 2276 3604 ita-

237 3638 348 3690 que
395 3638 523 3675 cum
566 3622 718 3676 idem
766 3639 799 3676 a
836 3622 1088 3691 Diogene
1131 3641 1181 3676 v.
1214 3627 1245 3675 9
1266 3640 1386 3690 sqq.
1435 3622 1755 3675 Democrito
1807 3619 1958 3675 obici
2002 3621 2273 3689 videmus,
