2693 4100
1188 289 1253 296 —-
1328 257 1559 311 XXVIII
1634 291 1701 298 —

425 428 665 485 scurata
712 428 817 484 est.
911 427 1164 485 formam
1218 426 1577 486 adiectivam
1623 425 2015 502 πρόσφατος
2060 431 2182 489 iam
2227 429 2459 490 Aristo-

420 515 571 574 teles
643 514 826 573 habet
899 507 1150 596 (recen-3,
1223 517 1326 575 sed
1401 517 1584 574 etiam
1655 519 1954 577 translata
2028 518 2462 596 significatione

386 599 804 678 ·³*—7·tp‹50'q>a’tol
871 600 1216 680 μάρτυρες,
1291 607 1396 680 qui
1461 610 1846 681 opponuntur
1908 602 2259 688 παλαιοῖς).
2346 627 2461 666 vox

422 693 707 770 vulgaris.

436 828 441 833 -
563 779 1046 856 συγχρῆσθαί
1113 799 1259 842 τινι
1327 775 1428 864 (fr.
1475 784 1670 843 LXIV
1736 786 1843 843 001.
1892 785 1986 843 III
2026 780 2203 865 [Heb.
2243 788 2303 844 et
2327 785 2465 844 Kal.

378 872 386 879 ’
431 869 540 947 24]
589 892 644 931 v.
680 863 791 953 10)
847 874 1077 946 primus
1123 875 1378 948 usurpat
1422 873 1710 949 Polybius
1754 875 1937 950 idque
1992 875 2097 951 ita,
2147 878 2218 933 ut
2262 876 2344 933 sit
2388 877 2469 932 si·

426 961 550 1018 mul
609 963 697 1019 uta·
758 963 865 1019 aut
923 962 1278 1037 simpliciter
1336 965 1441 1021 uti.
1547 963 1727 1023 huius
1786 983 1929 1022 vero
1991 964 2469 1042 significationi8‚

425 1069 610 1125 quam
637 1051 736 1108 hic
762 1049 945 1109 habet
979 1052 1360 1122 fmiliariter
1403 1054 1509 1119 uti,
1550 1053 1818 1126 Uchmy
1843 1056 2080 1127 pfleyen
2105 1056 2212 1113 mit
2237 1054 2466 1126 dem„

380 1160 610 1200 ..unum
658 1141 897 1215 repperi
935 1139 1270 1214 exemplum
1308 1141 1470 1216 quod
1510 1143 1574 1199 in
1614 1141 1918 1201 Thesauro
1955 1145 2201 1201 notatur
2236 1142 2469 1219 Evang.

426 1228 563 1287 Joh.
604 1230 643 1285 4
692 1224 771 1288 οὐ
809 1224 933 1302 γὰρ
974 1229 1388 1302 συγχρῶνται
1426 1225 1730 1290 Ἰουδαῖοι
1771 1228 2213 1306 Σαμαρείταις.
2298 1231 2468 1290 verbi

428 1317 788 1394 significatio
837 1317 1104 1394 vulgaris
1153 1337 1277 1377 esse
1321 1319 1575 1380 videtur.

563 1406 1017 1481 προσδοκᾶν
1055 1423 1225 1466 τινα
1261 1408 1643 1468 ποιοῦντα
1681 1402 1782 1488 (fr.
1810 1408 2006 1467 LXIV
2037 1403 2214 1488 [Heb.
2244 1411 2305 1467 et
2331 1408 2470 1467 Kal.

428 1496 498 1554 fr.
535 1489 647 1574 23]
697 1497 805 1554 001.
834 1496 867 1554 Ι
902 1515 957 1554 v.
1002 1487 1069 1576 7)
1117 1515 1415 1572 nusquam
1462 1498 1609 1556 alibi
1654 1500 1885 1556 exstare
1933 1498 2187 1557 videtur.

564 1580 1046 1659 ὑφίστασθαι
1122 1586 1193 1643 (10
1275 1586 1639 1663 imaginibus
1714 1588 2025 1646 hominum
2097 1590 2160 1645 in
2236 1589 2471 1646 animos

429 1677 666 1734 nostros
731 1674 1184 1749 subrepentibus
1249 1675 1476 1734 dictum
1544 1668 1642 1757 (fr.
1689 1676 1890 1735 LXIII
1936 1677 2045 1736 001.
2084 1677 2147 1735 H
2197 1670 2373 1755 [Heb.
2410 1679 2473 1733 et

430 1763 566 1822 Kal.
615 1764 686 1820 fr.
721 1765 799 1822 21
853 1764 962 1823 col.
990 1758 1082 1842 H]
1131 1784 1184 1821 v.
1219 1756 1286 1845 9)
1334 1785 1633 1841 nusquam
1679 1765 1840 1841 apud
1878 1766 2201 1842 Epicurum
2248 1767 2475 1843 legitur

431 1871 624 1927 neque
671 1853 832 1928 apud
869 1853 1021 1912 alios
1076 1855 1394 1928 scriptores
1439 1856 1670 1930 inveni,
1717 1854 1821 1914 sed
1878 1851 2311 1929 προσπίπτειν
2373 1854 2473 1913 vel

431 1938 819 2001 ὑποπίπτειν
857 1943 953 2000 vel
991 1938 1386 2015 ὑπέρχεσθαι
1425 1943 1544 2002 (1101
1573 1945 1739 2003 solet.
1788 1943 2243 2003 similitudinem
2282 1961 2470 2018 quan·

434 2031 573 2089 dam
608 2030 832 2090 habent
865 2050 1070 2091 rursus
1107 2031 1443 2107 Polybiane.
1476 2036 1576 2107 11,
1610 2036 1711 2107 30,
1744 2035 1780 2091 2
1830 2034 1923 2113 τῷ
1962 2031 2034 2092 δὲ
2071 2029 2299 2106 πλήθει
2338 2047 2470 2091 τοι·

432 2120 633 2180 οὓτον
680 2116 929 2195 ὑπέστη
987 2117 1162 2193 δέος,
1222 2125 1451 2181 animos
1503 2125 1666 2198 vulgi
1728 2124 1865 2182 talis
1924 2128 2109 2181 terror
2167 2124 2475 2195 subrepsit.

433 2256 437 2259 .
569 2209 744 2267 Addo
784 2211 941 2284 quod
980 2210 1215 2269 dicendi
1252 2211 1512 2270 formula
1551 2207 1744 2272 ὅσον
1785 2208 1899 2271 ἐπ’
1942 2208 2106 2286 ἐμοί
2144 2202 2243 2293 (fr.
2273 2209 2475 2268 LXIII

437 2294 613 2377 [Heb.
663 2302 722 2357 et
767 2298 902 2357 Kal.
958 2301 1029 2357 fr.
1080 2293 1194 2377 21]
1260 2301 1368 2359 col.
1416 2301 1478 2358 II
1534 2322 1587 2360 v.
1643 2294 1712 2382 5)
1785 2304 1850 2359 in
1913 2300 2161 2376 Epicuri
2232 2301 2475 2375 scriptis

433 2407 555 2446 non
600 2390 924 2462 invenitur,
972 2387 1134 2463 apud
1182 2389 1568 2449 Aristotelem
1615 2391 1796 2449 semel
1842 2393 2088 2449 notatur
2135 2389 2311 2449 Polit.
2344 2386 2391 2447 Β
2415 2390 2477 2463 9,

434 2497 491 2552 p.
536 2477 756 2536 1270b
809 2479 918 2550 12,
978 2480 1044 2535 in
1102 2480 1500 2552 posteriorum
1559 2482 1895 2555 temporum
1956 2479 2343 2554 scriptoribus
2402 2482 2477 2536 ut

434 2564 777 2639 Plutarch0,
805 2566 1091 2641 Lucian0,
1130 2567 1266 2624 aliis
1304 2586 1480 2642 saepe
1507 2568 1746 2645 legitur,
1784 2566 1945 2644 apud
1972 2569 2300 2644 Diogenem
2330 2586 2479 2642 quo·

438 2674 551 2730 que
597 2656 797 2730 ipsum
842 2656 914 2713 fr.
943 2654 974 2712 I
1021 2646 1197 2736 (Heb.
1230 2658 1290 2713 et
1316 2655 1449 2714 Kal.
1484 2649 1596 2737 59)
1644 2658 1752 2716 001.
1781 2657 1844 2715 II
1888 2678 1943 2718 v.
1981 2660 2077 2716 13.

507 2786 510 2789 -
572 2742 742 2813 Quod
807 2744 989 2802 verba
1052 2740 1442 2818 περιγίνεταί
1509 2742 1628 2805 τινί
1694 2763 1752 2805 τι
1819 2739 1919 2824 (fr.
1966 2746 2166 2804 LXIII
2229 2747 2336 2803 col.
2385 2743 2479 2801 IV

440 2828 615 2913 [Heb.
648 2836 709 2891 et
737 2832 870 2891 Kal.
917 2834 988 2892 fr.
1022 2830 1209 2911 21s22
1251 2835 1361 2893 001.
1384 2828 1497 2912 IV]
1540 2855 1589 2892 v.
1618 2826 1712 2915 1),
1762 2831 2120 2909 ἐλάττωσις
2150 2826 2248 2915 (fr.
2278 2832 2478 2891 LXIV

440 2917 616 3002 [Heb.
649 2925 709 2980 et
736 2922 870 2981 Kal.
920 2924 990 2981 fr.
1025 2917 1137 3001 23]
1200 2924 1308 2981 001.
1348 2923 1378 2979 Ι
1432 2944 1485 2981 v.
1529 2916 1625 3004 3),
1680 2920 1886 2998 τίθημί
1951 2941 2095 2984 τινα
2157 2918 2482 2983 ποιοῦντά

438 3029 496 3070 τι
546 3005 644 3091 (fr.
693 3010 891 3069 LXIII
957 3006 1131 3090 [Heb.
1174 3016 1234 3071 et
1269 3010 1403 3071 Kal.
1469 3014 1540 3071 fr.
1584 3007 1803 3092 21s22]
1870 3014 1978 3071 001.
2026 3013 2121 3071 ΙΠ
2174 3034 2227 3072 v.
2270 3003 2481 3092 3—6)

436 3101 501 3159 in
546 3101 797 3175 Epicuri
833 3120 985 3177 quae
1024 3105 1342 3177 supersunt
1387 3105 1627 3177 scriptis
1665 3122 1784 3161 non
1820 3103 2118 3178 leguntur,
2158 3119 2298 3160 casu
2354 3102 2481 3159 fac·

437 3193 569 3248 tum
617 3208 741 3248 esse
788 3192 981 3267 magis
1021 3190 1388 3265 crediderim,
1436 3210 1570 3249 cum
1608 3188 2050 3266 περιγίνεσθαι
2087 3190 2327 3267 quidem
2364 3191 2482 3249 1100

440 3297 615 3339 sensu
662 3280 992 3353 obtinyendi
1039 3280 1199 3355 apud
1243 3281 1577 3355 complures
1616 3283 1755 3339 ante
1791 3280 2120 3356 Epicurum
2157 3282 2482 3356 scriptores

442 3371 632 3427 exstet
672 3361 1028 3447 (Demosth,
1067 3369 1351 3445 Thucyd,
1388 3369 1775 3430 Aristotelem
1803 3361 1945 3450 bis),
1975 3373 2035 3428 et
2073 3364 2480 3441 ἑλλάττωσις

441 3459 623 3516 semel
670 3458 832 3532 apud
866 3457 1255 3517 Aristotelem
1285 3459 1431 3534 Top.
1465 3461 1523 3531 6,
1553 3461 1590 3518 3
1621 3480 1678 3535 p.
1712 3461 1832 3517 141
1853 3478 1889 3516 a
1923 3462 2001 3517 16
2053 3462 2112 3517 et
2145 3460 2213 3516 in
2251 3457 2482 3515 Anaxi-

440 3548 629 3606 menis
678 3547 1010 3606 Rhetoricis
1051 3549 1153 3620 37,
1193 3550 1404 3606 1442a
1456 3550 1566 3621 16,
1621 3544 1827 3622 τίθημί
1874 3564 2018 3607 τινα
2062 3542 2382 3607 ποιοῦντά
2421 3562 2481 3604 τι

440 3638 561 3695 iam
610 3638 772 3714 apud
818 3638 1131 3696 Platonem
1176 3636 1270 3695 bis
1318 3636 1681 3696 adnotentur
1727 3638 1801 3695 ab
1852 3636 2045 3696 Astio.
