2693 4100
396 458 443 493 v.
488 445 517 491 9
573 443 681 507 τὴν
739 442 974 507 μύδησιν
1031 439 1130 493 cfr.
1178 439 1340 494 Lucr.
1376 439 1456 492 ΠΙ
1494 444 1598 492 870
1618 457 1739 508 sqq,
1790 441 2027 509 proinde
2082 443 2181 495 ubi
2234 459 2289 496 se

249 512 439 566 videas
490 512 760 565 hominem
815 512 1163 581 indiynarier
1206 512 1406 579 ipsum,
1450 516 1580 580 post
1621 519 1843 566 mortem
1896 512 2013 577 fore
2069 519 2132 566 ut
2188 518 2290 567 aut

246 589 561 651 putescat
598 599 819 650 corpore
855 588 964 636 toto
1002 589 1104 636 aut
1138 599 1183 636 e.
1215 599 1269 649 q.
1300 600 1340 635 s.

394 690 477 744 fr.
506 689 720 744 XVIII
765 687 868 743 col.
899 688 925 740 Ι
971 692 1103 742 ante
1141 706 1188 741 v.
1222 694 1250 741 1
1308 688 1426 742 tale
1473 689 1611 756 quid
1656 689 1890 757 periisse
1936 693 2103 758 putat
2152 690 2289 745 Use-

252 777 374 815 ner:
433 763 622 827 ἑπειδὴ
672 763 733 815 δὲ
778 764 845 815 τὸ
894 763 1093 826 μέλλον
1140 761 1401 828 ἄπιστόν]
1449 762 1601 814 ἐστιν
1640 760 1755 813 sive
1792 763 2066 886 ὕπουλόνέ
2119 763 2286 830 ἐστιν,

251 831 381 886 HK:
434 835 622 899 ἐπειδὴ
680 835 741 887 δὲ
797 835 1012 898 μέλλειν
1067 833 1172 885 οὐκ
1227 834 1477 900 ἔΞ]εστιν.
1553 831 1735 901 magis
1790 832 1930 885 mihi
1980 835 2040 886 ta
2065 850 2096 887 e
2150 834 2288 902 quid

248 903 607 973 placuerit..
666 904 886 970 ,καίπερ
924 902 1085 967 εἰδὼς
1121 905 1209 956 ὅτι
1244 908 1417 957 τοῦτο
1449 905 1713 971 χαλεπόν]
1753 906 1902 958 ἐστιν
1932 906 2020 958 διὰ
2056 907 2123 959 τὸ
2152 909 2284 972 κτλ.,

247 977 317 1027 ut
351 973 523 1027 verba
570 976 630 1027 έν
675 981 793 1039 τοῖς
837 976 1122 1042 πράγμασι
1165 976 1428 1038 ποικίλως
1474 977 1720 1029 ἄστατον
1769 975 1842 1027 ad
1890 990 1984 1028 eas
2020 993 2108 1029 res
2146 992 2287 1044 quas

250 1047 595 1100 tractaturus
634 1045 709 1098 sit
743 1043 1074 1111 referantur,
1114 1047 1171 1098 et
1206 1044 1378 1099 verba
1414 1049 1480 1099 τὸ
1520 1047 1655 1113 ἐμὸν
1693 1049 1865 1101 ἔξωθε
1900 1051 2078 1114 γῆρας
2114 1048 2286 1117 signi-

250 1118 438 1184 ficent,
477 1117 808 1185 scriptorem
845 1119 1132 1170 senectute
1169 1116 1283 1168 iam
1319 1117 1488 1169 nimis
1527 1116 1844 1171 confectum
1872 1134 1992 1172 esse
2022 1135 2191 1186 quam
2223 1122 2289 1172 ut

250 1191 374 1241 tam
412 1187 702 1242 difficilem
737 1205 857 1241 rem
892 1190 1114 1241 tractet.

404 1259 507 1315 col.
536 1259 587 1311 II
622 1277 672 1313 V.
705 1264 736 1311 2
775 1259 1198 1330 έναρθρότερος]
1236 1260 1454 1324 clar-ior,
1496 1259 1806 1314 dibucidior.

395 1331 499 1384 col.
526 1329 605 1383 ΠΙ
640 1349 689 1384 v,
722 1336 753 1382 2
774 1348 891 1399 sqq.
950 1334 1017 1385 τὸ
1072 1332 1197 1385 ἴσον
1250 1337 1332 1385 τω
1391 1333 1493 1384 κᾶν
1540 1333 1735 1398 παρὼν
1784 1333 2103 1398 ὡμολόγεις.
2178 1282 2288 1387 toti

249 1400 885 1542 {entqntiaexirfficulus
930 1402 1298 1471 praeponitur
1346 1402 1519 1454 etiam
1570 1400 1636 1454 fr.
1667 1400 1842 1454 LXIII
1887 1401 1991 1457 col.
2020 1402 2072 1455 II
2101 1408 2132 1457 8
2186 1404 2284 1459 cfr.

295 1490 394 1528 rae
422 1515 434 1527 .
473 1492 529 1542 p.
736 1516 748 1526 .

395 1563 441 1598 v,
478 1551 541 1598 13
582 1544 677 1598 cfr.
716 1544 874 1613 Epic.
914 1560 1000 1612 ep.
1029 1543 1057 1595 I
1085 1549 1152 1597 45
1198 1547 1336 1599 ἀλλὰ
1378 1548 1487 1612 μὴν
1525 1549 1618 1599 καὶ
1656 1548 1854 1611 κόσμοι
1893 1546 2111 1612 ἄπειροί
2148 1547 2286 1600 εἰσιν

249 1619 309 1670 et
345 1616 411 1669 fr.
444 1621 567 1682 301,
604 1616 763 1669 Lucr.
800 1614 853 1668 Π
884 1619 1020 1669 1048
1042 1633 1160 1683 sqq.

397 1706 475 1759 fr.
505 1704 628 1758 XX
685 1705 1101 1759 demonstratur
1146 1706 1364 1759 atomos
1400 1704 1650 1758 infinitas
1688 1720 1825 1759 esse.
1884 1721 2017 1758 nam
2052 1706 2166 1758 nisi
2201 1706 2286 1759 ita

249 1779 416 1842 esset,
446 1792 517 1830 ne
543 1775 694 1828 hunc
722 1775 953 1842 quidem
980 1776 1250 1829 mundum
1282 1777 1536 1829 orturum
1563 1774 1752 1830 fuisse.
1812 1776 1909 1831 cfr.
1930 1777 2033 1844 Ep.
2055 1793 2140 1845 ep.
2172 1776 2284 1830 142

250 1848 365 1917 (Us.
388 1866 442 1916 p.
467 1849 519 1916 7)
557 1847 606 1901 εἴ
633 1865 694 1901 τε
722 1849 829 1914 γὰρ
858 1849 931 1913 ῆν
958 1850 1026 1902 τὸ
1055 1850 1220 1901 κενὸν
1247 1849 1496 1915 ἄπειρον,
1525 1850 1596 1902 τὰ
1625 1849 1687 1902 δὲ
1716 1849 1953 1914 σώματα
1985 1850 2283 1917 ὡρισμένα,

251 1922 506 1985 οὐδαμοῦ
537 1920 606 1972 ἂν
636 1922 794 1984 ἔμενε
823 1921 892 1973 τὰ
922 1920 1174 1987 σώματα,
1196 1918 1316 1973 ἀλλ’
1334 1921 1572 1986 ἐφέρετο
1601 1921 1744 1973 κατὰ
1771 1921 1838 1973 τὸ
1868 1921 2099 1986 ἄπειρον
2120 1923 2286 1974 κενὸν

250 1993 644 2058 διεσπαρμένα,
683 1991 787 2043 οὐκ
825 1992 1027 2058 ἔχοντα
1064 1992 1135 2044 τὰ
1174 1991 1631 2080 fiuepeibovn‘ra
1671 1994 1762 2044 καί
1800 1993 2104 2045 στέλλοντα
2143 1994 2285 2045 κατὰ

246 2065 349 2128 τὰς
378 2064 665 2126 ἀνακοπάς
683 2061 761 2131 (h.
784 2080 830 2115 e.
851 2062 1003 2129 quod
1030 2062 1193 2132 Diog.
1226 2062 1368 2115 dicit
1395 2064 1457 2115 ἐκ
1483 2068 1601 2116 τῶν
1629 2063 1896 2127 πλαγίων.
1936 2079 2069 2115 nam
2097 2062 2283 2133 pla-gis

252 2132 576 2188 efficiuntur
619 2135 805 2186 motus
843 2131 1061 2201 obliqui
1100 2135 1415 2187 atomorum
1453 2132 1549 2187 cfr.
1588 2132 1691 2201 Ep.
1733 2151 1819 2202 ep.
1856 2133 1883 2185 I
1911 2140 1961 2199 1,
1982 2140 2046 2186 61
2087 2135 2211 2189 οὐθ’
2244 2137 2281 2203 ἡ

251 2208 371 2260 ἄνω
410 2205 536 2259 οὐθ’
570 2208 604 2271 ἡ
647 2205 723 2269 εἰς
757 2207 823 2259 τὸ
861 2206 1098 2270 πλάγιον
1134 2207 1225 2259 διὰ
1260 2211 1380 2259 τῶν
1409 2207 1699 2272 κρούσεων
1728 2207 1881 2273 φορὰ
1911 2205 2035 2260 οὐθ’
2061 2208 2096 2272 ἡ
2130 2207 2282 2261 κάτω

252 2279 341 2332 διὰ
385 2282 504 2330 τῶν
551 2276 708 2330 ἰδίων
756 2278 987 2344 βαρων).
1027 2307 1093 2315 -
1141 2292 1255 2344 qua
1311 2275 1790 2330 demonstratione
1844 2293 1984 2345 opus
2041 2279 2164 2330 erat
2209 2278 2284 2331 ad

253 2347 749 2400 demonstrandam
785 2347 1126 2400 infinitatem
1163 2348 1514 2400 mundorum.
1585 2362 1718 2399 nam
1747 2346 1923 2401 atomi
1952 2347 2000 2400 si
2028 2347 2284 2402 infinitae

249 2421 407 2485 sunt,
459 2417 579 2472 fieri
616 2435 727 2471 non
764 2419 969 2487 potest,
1006 2418 1145 2486 quin
1181 2417 1380 2472 mundi
1416 2435 1639 2486 quoque
1675 2418 2113 2473 innumerabiles
2152 2420 2282 2473 sint.

250 2489 349 2544 cfr.
388 2489 493 2557 Ep.
534 2506 619 2558 ep.
659 2489 684 2540 I
712 2494 780 2543 45
821 2489 934 2559 (Ue.
970 2507 1023 2557 p.
1056 2495 1087 2543 9
1125 2507 1173 2543 v.
1206 2492 1401 2559 4sqq.)
1442 2491 1581 2545 ἀλλὰ
1618 2493 1729 2557 μὴν
1767 2493 1859 2543 καὶ
1896 2492 2095 2556 κόσμοι
2132 2493 2284 2546 ἄπει-

247 2564 336 2629 ροί
375 2561 514 2614 εἰσιν
551 2562 604 2615 οἱ
640 2562 691 2615 θ’
726 2563 908 2628 ὅμοιοι
945 2562 1131 2631 τούτῳ
1172 2565 1263 2616 καὶ
1299 2562 1354 2615 οἱ
1390 2563 1659 2627 ἀνόμοιοι.
1736 2560 1795 2615 αἵ
1829 2579 1892 2615 τε
1936 2564 2044 2629 γὰρ
2083 2564 2283 2628 ἄτομοι

248 2636 467 2699 ἄπειροι
504 2633 683 2700 οὖσαι,
724 2634 802 2697 ὡς
838 2634 962 2700 ἄρτι
999 2633 1315 2700 ἀπεδείχθη,
1354 2635 1628 2701 φέρονται
1665 2636 1756 2686 καί
1791 2635 2159 2700 πορρωτάτω.
2212 2636 2282 2689 οὐ

244 2706 354 2771 γὰρ
395 2705 821 2769 κατανήλωνται
859 2704 915 2757 αἱ
949 2710 1206 2757 τοιαῦται
1244 2706 1460 2772 ἄτομοι,
1500 2705 1556 2758 ἑξ
1594 2704 1676 2757 ὧν
1714 2705 1784 2757 ἂν
1815 2706 2036 2769 γένοιτο
2076 2706 2284 2771 κόσμος

247 2780 284 2842 ἢ
327 2775 431 2842 ὑφ’
466 2776 549 2827 ὧν
588 2776 657 2828 ἂν
694 2776 968 2842 ποιηθείη,
1007 2775 1129 2829 οὔτ’
1165 2775 1240 2839 εἰς
1278 2777 1377 2829 ἕνα
1407 2774 1529 2829 οὔτ’
1556 2775 1634 2839 εἰς
1659 2778 2138 2841 πεπειρασμένους
2166 2779 2279 2830 κτλ.

249 2845 370 2916 (cfr.
401 2845 560 2899 Lucr.
601 2845 651 2898 11
683 2851 863 2899 1067s
866 2848 997 2915 q..q)

394 2915 495 2971 col.
526 2916 553 2969 Ι
587 2934 636 2970 v.
671 2924 737 2971 14
791 2920 991 2983 ἄτομοι
1036 2919 1233 2984 φύσεις
1278 2916 1376 2971 cfr.
1415 2915 1482 2969 fr.
1513 2916 1563 2967 V
1603 2916 1729 2985 (HK
1757 2919 1846 2986 42)
1895 2916 1997 2970 col.
2027 2916 2079 2969 H
2109 2923 2171 2971 11
2224 2919 2283 2970 et

247 2988 353 3057 Ep.
395 3004 480 3057 ep.
519 2987 544 3040 Ι
574 2994 639 3040 41
681 2991 927 3054 ἀτόμους
961 2990 1244 3054 σωμάτων
1281 2991 1496 3056 φύσεις.

392 3059 497 3113 col.
526 3058 578 3112 Π
611 3078 661 3112 v.
694 3066 723 3112 2
772 3061 1191 3127 ἀσυνέλευστοι]
1244 3058 1507 3128 Apellen:
1547 3060 1616 3112 de
1663 3074 1913 3127 pronom.
1951 3077 2006 3127 p.
2047 3063 2114 3112 57
2134 3058 2185 3111 A
2224 3061 2282 3112 et

251 3136 355 3184 144
376 3130 416 3184 G
454 3133 512 3184 et
552 3131 619 3183 de
656 3133 859 3184 constr.
897 3149 950 3199 p.
982 3134 1104 3197 304,
1125 3137 1156 3183 8
1196 3133 1638 3196 ἀσυνελεύστους
1664 3129 1920 3199 appellat
1947 3130 2087 3182 duas
2114 3146 2280 3184 voces

250 3203 336 3268 (ut
365 3204 486 3268 ἐμοὶ
522 3203 701 3272 αὐτῷ)
739 3219 854 3257 non
890 3202 1261 3256 convenientes
1298 3205 1574 3271 (ἐμαυτῷ)
1613 3202 1715 3255 sed
1751 3202 2053 3269 separatas.

392 3290 442 3326 v.
474 3278 503 3325 3
545 3275 683 3340 μετὰ
712 3276 902 3341 αὐτάς,
940 3273 978 3327 i.
999 3291 1044 3326 e.
1076 3288 1111 3325 a
1143 3276 1302 3343 tergo
1332 3289 1542 3338 earum,
1581 3273 1711 3341 post
1738 3274 2013 3325 extremas
2043 3275 2278 3327 atomos.

391 3361 443 3398 v.
491 3349 521 3396 9
587 3350 709 3409 πῶς
773 3345 1203 3411 ἀπογεννήσωσι
1268 3344 1658 3399 coniunctivae
1722 3343 2149 3411 deliberativas,
2214 3346 2281 3396 ut

246 3415 315 3469 fr.
345 3413 523 3467 XXIX
561 3414 686 3485 (HK
715 3419 803 3485 63)
843 3415 945 3469 col.
975 3415 1001 3468 Ι
1029 3421 1059 3468 3
1116 3419 1395 3484 ζητοῦμεν
1440 3421 1562 3480 πῶς
1598 3417 1630 3469 ὁ
1668 3414 1783 3482 βίος
1819 3418 1980 3481 ἡμεῖν
2016 3418 2156 3482 ἡδὺς
2189 3418 2279 3481 γέ-

244 3505 428 3554 νηται

388 3575 473 3632 fr.
495 3575 653 3629 XXI
686 3576 791 3629 col.
819 3576 846 3628 I
881 3594 930 3630 v.
964 3582 1031 3630 10
1067 3575 1241 3630 verba
1275 3580 1488 3644 πότερα
1526 3578 1632 3643 γὰρ
1669 3576 1870 3644 postea
1907 3574 2011 3629 col.
2039 3575 2093 3628 Π
2126 3594 2176 3629 V.
2212 3581 2277 3628 13

241 3648 430 3716 excipi
468 3648 851 3716 cognoverunt
877 3646 994 3700 HK.
1020 3680 1083 3687 -
1116 3648 1186 3701 de
1222 3650 1374 3700 terra
1406 3648 1590 3716 priore
1620 3645 1881 3700 columna
1909 3645 2045 3714 quin
2074 3648 2280 3716 agatur

1887 3735 1955 3787 6*
