2693 4100
1205 216 1645 295 -ssm-

405 413 575 470 nulla
631 415 723 471 est
776 431 981 482 causa,
1038 430 1145 470 cur
1197 432 1316 471 non
1372 412 1493 487 ipsi
1548 411 1806 488 Diogeni
1863 411 2257 487 attribuatur3
2303 432 2446 471 nam

404 505 645 560 tantum
683 501 870 577 abest,
906 505 976 559 ut
1023 519 1290 561 sermone
1328 501 1639 576 scriptoris
1682 502 1749 558 in
1787 503 2133 577 antiquiora
2169 504 2446 577 tempora

403 610 775 665 revocemur,
831 591 991 667 quod
1049 589 1269 649 Cousin
1322 591 1527 666 putat,
1583 591 1653 648 ut
1697 589 1872 649 valde
1927 590 2180 649 recentis
2227 592 2442 649 aetatis

404 680 756 756 scriptorem
813 697 939 739 esse
995 679 1320 738 videamus.
1415 697 1549 738 cum
1605 681 1809 738 autem
1864 680 1997 738 tota
2049 680 2360 755 inscriptio
2407 698 2445 738 a

404 771 552 829 viris
610 768 801 828 doctis
857 760 1038 850 (Heb.
1077 772 1139 827 et
1176 767 1310 827 Kal.
1360 789 1416 843 p.
1459 759 1619 849 442)
1673 771 1921 845 propter
1976 768 2333 845 scripturam
2384 772 2449 828 et

403 858 773 933 reliquorum
820 857 1292 936 fragmentorum
1340 876 1673 916 sermonem
1717 857 1959 917 exeunti
2003 859 2259 917 secundo
2305 860 2445 934 post

406 946 708 1006 Christum
755 948 992 1006 saeculo
1040 946 1426 1023 attribuatur,
1474 965 1578 1005 cur
1613 966 1734 1006 non
1772 946 2100 1024 Diogenem
2138 949 2209 1005 ut
2246 950 2448 1007 cetera

401 1037 491 1094 ita
550 1036 704 1095 hanc
769 1055 1005 1112 quoque
1069 1037 1391 1112 epistulam
1465 1037 1773 1111 scripsisse
1836 1035 2186 1096 credamus?
2297 1037 2445 1095 haec

403 1128 643 1185 tantum
689 1127 913 1201 repeto,
957 1125 1125 1184 verbi
1163 1120 1749 1199 ἀντιλαμβάνεσθαι
1788 1124 2231 1184 substantivum
2269 1121 2442 1186 ἀντί·

402 1213 599 1288 ληψις
644 1215 904 1274 inveniri
951 1214 1111 1291 apud
1155 1214 1485 1292 Diogenem
1530 1214 1604 1273 fr.
1632 1213 1720 1271 IV
1766 1215 1874 1273 col.
1903 1213 1968 1272 H
2008 1216 2042 1273 7
2059 1259 2074 1289 ,
2118 1215 2441 1274 formulam

403 1299 571 1364 ὅσον
620 1299 732 1378 ἐφ’
783 1299 1044 1377 ἑαυταῖς
1090 1302 1284 1362 redire
1330 1303 1404 1360 fr.
1443 1303 1474 1360 I
1521 1305 1630 1361 col.
1659 1303 1723 1361 H
1755 1304 1836 1361 14
1887 1295 2084 1384 (ὅσον
2132 1299 2275 1364 ἔστ’
2326 1300 2441 1380 ἐφ’

401 1386 638 1474 ἡμεῖν),
664 1392 912 1452 verbum
939 1394 1313 1452 rarissimum
1351 1396 1411 1451 et
1447 1392 1621 1452 valde
1657 1410 1864 1451 recens
1903 1389 2217 1467 θνητότης
2257 1392 2443 1453 etiam

404 1484 475 1540 fr.
505 1481 728 1540 XXXV
774 1482 883 1540 col.
912 1481 1006 1540 ΠΙ
1045 1483 1082 1540 3
1131 1482 1270 1558 legi,
1318 1480 1574 1557 denique
1620 1499 1755 1540 cum
1793 1484 2097 1541 structura
2140 1482 2212 1540 fr.
2241 1482 2442 1541 LXIII

400 1572 510 1630 col.
540 1570 603 1629 11
637 1574 671 1629 7
700 1568 831 1645 ,τὴν
870 1567 1072 1644 αὐτὴν
1112 1566 1338 1644 ἔχουσι
1378 1567 1650 1644 δύναμιν
1687 1570 1764 1643 τῆ
1806 1565 1916 1629 ὅτε
1955 1566 2439 1645 ὑφειστήκεσαν

405 1662 545 1737 apte
591 1659 927 1736 comparari
970 1678 1144 1736 posse
1192 1660 1263 1717 fr.
1294 1659 1501 1718 XVIII
1547 1660 1654 1719 col.
1684 1659 1778 1718 ΙΙΙ
1810 1661 1846 1717 2
1894 1654 2004 1718 ἵνα
2046 1657 2123 1734 δὴ
2172 1658 2248 1720 τὸ
2284 1656 2441 1721 ἴσον

342 1786 351 1797 -
403 1746 664 1822 γένηται
712 1749 804 1809 τῶ
852 1743 972 1810 κᾶν
1018 1746 1249 1823 παρὼν
1297 1745 1675 1822 ὡμολόγεις.

537 1838 701 1909 Quae
776 1858 911 1897 cum
981 1841 1072 1897 ita
1146 1838 1289 1912 sint,
1365 1839 1548 1897 etiam
1619 1839 1691 1897 fr.
1730 1836 1892 1896 LXV
1986 1837 2136 1898 Heb.
2193 1841 2255 1897 et
2303 1838 2438 1898 Kal.

399 1928 472 1986 fr.
508 1920 620 2009 26)
668 1929 769 1987 vix
828 1929 1147 2003 quisquam
1202 1930 1449 2003 propter
1502 1946 1718 1986 nomen
1777 1925 1917 1986 Gari
1993 1928 2102 1987 col.
2140 1926 2234 1987 ΠΙ
2279 1949 2334 1988 v.
2366 1921 2440 2008 8)

399 2016 756 2094 antiquioris
803 2017 1053 2077 alicuius
1090 2017 1336 2094 Epicuri
1374 2017 1684 2077 sectatoris
1723 2017 2041 2093 epistulam
2081 2035 2206 2077 esse
2252 2018 2442 2077 credi·

399 2108 557 2167 derit
609 2125 647 2165 a
692 2107 960 2183 Diogene
1013 2108 1314 2183 prolatam
1362 2101 1478 2187 (sic
1523 2107 1671 2165 Heb.
1712 2110 1774 2165 et
1799 2106 1932 2166 Kal.
1979 2129 2038 2184 p.
2067 2099 2256 2188 443),
2301 2126 2441 2166 cum

401 2216 519 2256 non
584 2214 738 2255 unus
801 2195 1121 2256 Lucretius
1176 2195 1457 2254 habuerit
1520 2215 1847 2273 cognomen
1913 2194 2067 2256 Cari.
2178 2200 2239 2255 et
2303 2216 2438 2255 cum

402 2287 512 2344 col.
534 2285 627 2343 III
655 2306 710 2345 v.
745 2287 779 2342 2
810 2286 1080 2362 legamus
1108 2287 1460 2360 scriptorem
1489 2285 1684 2345 Rhodi
1722 2285 2096 2360 aliquamdiu
2133 2288 2438 2346 versatum

401 2391 546 2449 esse,
590 2375 952 2434 monendum
989 2376 1096 2448 est,
1142 2374 1325 2434 etiam
1362 2374 1692 2451 Diogenem
1732 2366 1868 2454 (col.
1899 2373 1961 2432 II
1993 2376 2077 2435 10
2112 2375 2439 2453 fragmenti

400 2463 512 2521 XV
541 2459 718 2542 [Heb.
749 2466 812 2521 et
838 2462 971 2522 Kal.
1018 2464 1089 2520 fr.
1124 2456 1266 2542 56])
1314 2462 1405 2521 ibi
1447 2465 1879 2523 commoratum
1927 2482 2069 2523 esse.

1244 2782 1444 2860 Caput
1478 2783 1587 2842 III.

646 2926 744 2984 De
802 2928 1151 2985 sermonis
1200 2926 1644 3004 Diogeniani
1697 2926 2174 3003 vulgaritate.

533 3087 863 3164 Diogenem
918 3106 1110 3162 neque
1170 3088 1412 3164 ingenio
1475 3105 1668 3163 neque
1728 3086 2001 3146 doctrina
2063 3088 2438 3163 praestitisse

398 3177 536 3235 inde
593 3175 781 3235 videri
836 3178 1062 3252 potest,
1119 3176 1279 3252 quod
1324 3175 1744 3252 Empedoclem
1791 3175 2061 3253 Acragae
2122 3176 2438 3235 cuiusdam

397 3265 590 3324 filium
637 3266 800 3340 facit,
845 3265 1141 3324 Heracliti
1186 3266 1258 3324 de
1305 3267 1588 3325 continuo
1627 3266 1893 3323 omnium
1929 3285 2129 3323 rerum
2173 3264 2336 3323 fluxu
2374 3269 2440 3325 et

394 3358 563 3414 motu
619 3357 978 3414 sententiam
1032 3353 1352 3414 Aristoteli
1406 3352 1712 3420 attribuit,
1760 3354 1957 3430 ipsum
2003 3373 2239 3430 quoque
2285 3354 2437 3431 Epi-

396 3463 605 3503 curum
649 3444 1006 3522 magistrum
1051 3463 1172 3502 non
1217 3462 1543 3520 numquam
1582 3443 1737 3502 falso
1773 3444 2088 3519 intellegit.
2162 3443 2324 3519 quod
2361 3443 2435 3502 de

394 3533 570 3593 rebus
616 3533 846 3593 levibus
894 3535 1075 3609 atque
1119 3531 1369 3592 minutis
1406 3532 1598 3591 multa
1634 3531 1818 3591 verba
1855 3532 2002 3591 facit
2048 3534 2109 3591 et
2143 3531 2303 3592 idem
2340 3532 2436 3592 bis

396 3623 492 3682 vel
529 3626 621 3681 ter
659 3621 851 3682 dicere
887 3642 1006 3682 non
1044 3624 1302 3696 veretur,
1339 3622 1416 3680 ad
1453 3622 1822 3699 ingeniolum
1860 3622 1984 3681 eius
2023 3620 2248 3698 optime
2287 3640 2434 3698 qua-
