2693 4100
992 295 1504 349 —XXXJX—

366 464 706 537 Philonem,
750 465 928 523 Dion.
965 463 1132 539 HaL,
1177 463 1591 538 Plutarchum,
1637 464 2009 541 Appianum,
2055 463 2266 523 Lucia·

358 573 527 629 -num,
573 555 946 613 recentiores.
1190 598 1200 604 -
2238 628 2242 632 ,

233 638 498 716 ὀχλεῑν
544 643 616 701 fr.
653 643 849 701 XXIX
896 644 1006 702 col.
1044 642 1074 700 I
1115 645 1199 701 10
1246 645 1307 701 et
1359 644 1459 701 14.
1551 646 1790 719 praeter
1832 642 2163 701 Homerum
2208 644 2269 701 et

364 733 628 809 tragicos
672 735 884 808 poetas
939 733 1211 807 exempla
1256 731 1436 790 huius
1482 730 1650 790 verbi
1694 734 1835 790 ante
1879 731 2267 790 Aristotelem

367 825 509 880 nota
546 825 688 880 sunt
722 841 911 880 unum
947 820 1257 896 Herodoti,
1293 821 1587 880 nonnulla
1621 820 2026 897 Hippocratis
2073 822 2270 879 exstat

370 913 553 968 etiam
590 911 654 969 in
691 908 868 985 LXX,
905 909 1043 985 NT,
1081 907 1261 986 Oxyr.
1289 928 1428 986 pap.
1456 909 1521 968 H
1553 912 1676 969 169
1726 911 1835 968 col.
1866 908 1928 967 H
1958 911 2015 968 4.
2061 927 2267 968 rursus

370 991 501 1078 (cfr.
550 1017 732 1075 supra
778 1018 822 1058 s.
853 1020 908 1058 v.
956 991 1363 1079 ἀμαύρωσις)
1421 1018 1536 1058 vox
1582 996 1889 1075 „poetica“
1935 1019 2042 1074 per
2093 998 2267 1058 Iones

367 1090 433 1146 in
475 1089 789 1165 vulgarem
837 1107 1167 1148 sermonem
1210 1091 1653 1148 transmanasse
1689 1088 1946 1146 videtur.

233 1173 537 1236 σκύλλω
584 1177 786 1236 fr.14
833 1195 1059 1238 ventare.
1152 1178 1257 1236 cfr,
1303 1177 1539 1235 Thumb
1585 1178 1623 1236 l.
1655 1196 1701 1236 c.
1748 1197 1804 1253 p.
1838 1180 1983 1236 219.
2068 1197 2098 1235 e
2145 1180 2269 1235 tra-

368 1266 583 1343 goedia
647 1269 951 1342 sumptum
1016 1270 1132 1340 est,
1195 1267 1502 1325 invenitur
1562 1266 1625 1325 in
1689 1266 1807 1325 NT
1882 1268 1943 1324 et
2005 1267 2267 1342 papyris,

368 1358 552 1414 testes
597 1355 877 1414 vocabuli
924 1359 1211 1414 notantur
1258 1359 1499 1431 praeter
1542 1355 1933 1429 Matthaeum,
1978 1354 2269 1429 Marcum,

370 1442 615 1520 Lucam,
679 1444 1014 1504 Lucianum
1059 1445 1376 1520 scriptores
1440 1445 1615 1503 valde
1669 1447 1949 1504 recentes
2051 1445 2271 1519 papyri

367 1536 607 1608 praeter
633 1534 881 1592 verbum
919 1531 1179 1594 σκύλλω
1219 1526 1316 1615 (ut
1352 1534 1587 1609 Fayum
1613 1553 1749 1610 pap.
1784 1535 1930 1607 134,
1962 1535 2028 1608 23
2075 1531 2269 1591 Greek

367 1642 505 1698 pap.
561 1622 713 1681 Brit.
760 1622 913 1682 Mus.
969 1644 1029 1699 p.
1072 1625 1174 1697 34,
1215 1615 1329 1704 21)
1385 1623 1676 1698 praebent
1739 1625 1923 1681 etiam
1979 1617 2269 1697 σκυλμός

371 1704 582 1791 (Oityr.
612 1731 750 1788 pap.
796 1712 826 1769 I
860 1714 1006 1787 125,
1039 1715 1121 1771 14
1152 1715 1213 1770 et
1244 1714 1356 1786 173
1404 1712 1570 1771 Tebt.
1600 1731 1737 1788 pap.
1788 1715 1891 1785 41,
1924 1715 1987 1784 73
2019 1712 2122 1785 48,
2153 1702 2267 1792 22)

371 1803 431 1858 et
477 1795 801 1875 ἄσκυλτος
851 1793 1059 1882 (Oxyr.
1096 1820 1234 1877 pap.
1280 1800 1377 1859 ΠΙ
1407 1802 1556 1875 532,
1586 1793 1716 1883 14).
1783 1821 1813 1859 e
1851 1800 2044 1859 Dione
2084 1798 2268 1875 Chry-

370 1893 509 1948 sost.
556 1909 742 1948 unum
790 1891 1123 1966 exemplum
1170 1892 1346 1949 notat
1392 1890 1632 1949 Schmid
1682 1890 1720 1948 l.
1751 1910 1798 1950 c.
1845 1890 1876 1948 I
1910 1890 2053 1948 153.

231 1975 620 2054 στρεπτός
668 1980 739 2037 fr.
767 1980 822 2037 X
870 1979 978 2039 col.
1007 1979 1039 2037 Ι
1079 1983 1133 2039 9.
1228 1976 1551 2054 στρεπτὸς
1599 1976 1795 2054 χιτών
1843 1978 2004 2056 apud
2049 1979 2268 2037 Home·

367 2089 501 2126 rum
545 2069 618 2127 11.
649 2065 693 2129 Ε
725 2071 849 2129 113
900 2073 962 2128 et
1007 2065 1064 2128 Φ
1097 2071 1175 2128 31
1230 2069 1378 2144 quid
1422 2071 1503 2129 sit
1544 2069 1887 2147 ambigitur.
1979 2070 2119 2126 sunt
2164 2069 2271 2143 qui

372 2177 507 2216 eum
542 2161 770 2217 vestem
806 2158 1079 2218 textilem
1115 2177 1240 2218 esse
1278 2161 1513 2234 putant.
1574 2177 1752 2234 quam
1790 2157 1912 2217 vim
1943 2157 2271 2235 Diogenem

369 2266 605 2322 quoque
651 2248 786 2307 voci
833 2243 1156 2321 στρεπτός
1204 2248 1532 2306 attribuere
1579 2250 1858 2324 apparet,
1904 2265 2269 2322 quamquam

368 2356 561 2412 neque
619 2333 941 2411 στρεπτός
998 2355 1192 2412 neque
1250 2333 1560 2411 στρέφειν
1617 2355 1869 2412 usquam
1925 2336 2040 2394 tali
2086 2337 2268 2412 signi-

365 2424 646 2484 ficatione
701 2428 934 2485 exstare
989 2426 1241 2484 videtur.
1352 2427 1557 2502 itaque
1621 2426 2008 2503 vulgaremne
2061 2443 2269 2484 vocem

367 2514 471 2572 ille
522 2514 862 2574 adhibuerit
908 2533 986 2573 an
1042 2534 1112 2573 ex
1156 2514 1287 2590 ipso
1333 2514 1596 2575 Homero
1643 2516 1963 2590 sumpserit
2017 2513 2270 2573 discerni

366 2622 487 2661 non
530 2605 749 2678 potest.

685 2817 791 2875 ΙΠ.
856 2816 962 2875 Ad
1007 2818 1465 2893 phoneticam
1513 2819 1812 2893 spectat.

232 2954 549 3034 ὀστέοις
596 2961 669 3018 fin
697 2958 948 3018 XXXIX
995 2958 1197 3018 col.II
1228 2961 1263 3018 9
1316 2952 1497 3041 (fr.X
1545 2958 1771 3018 coLIV
1804 2962 1880 3018 11
1925 2958 2085 3034 quod
2131 2978 2269 3035 sup-

366 3049 570 3124 pletur
608 3044 905 3122 βασιλέες
943 3067 1062 3108 non
1098 3050 1328 3107 rectum
1366 3068 1492 3108 esse
1529 3038 1810 3129 videtur).
1877 3048 2102 3130 formae
2149 3067 2268 3107 non

368 3140 711 3197 contractae
765 3139 830 3196 in
884 3138 1002 3196 NT
1059 3155 1294 3214 quoque
1352 3139 1694 3209 occurrunt,
1750 3138 1852 3195 cfr.
1907 3136 2083 3195 Blass
2131 3137 2171 3194 l.
2218 3155 2266 3195 c.

368 3247 424 3302 p.
459 3228 539 3285 25
591 3218 694 3306 (ut
739 3221 942 3286 ὀστέα
987 3226 1129 3285 Luc.
1162 3229 1263 3301 24,
1295 3229 1408 3301 39,
1455 3223 1711 3286 ὀστέων
1756 3224 1972 3283 Matth.
2021 3227 2125 3299 23,
2166 3227 2270 3300 27,

367 3315 548 3374 Hebr.
602 3320 702 3389 11,
734 3308 867 3396 22),
915 3318 976 3374 et
1021 3316 1181 3391 apud
1226 3315 1636 3375 Plutarchum.
1730 3313 1972 3373 Schmid
2015 3315 2055 3372 1.
2096 3332 2142 3371 c.
2179 3313 2268 3371 IV

366 3425 426 3480 p.
461 3406 588 3464 580
644 3405 828 3464 etiam
884 3423 952 3464 ex
1007 3404 1307 3464 Atticistis
1363 3424 1556 3481 pauca
1608 3404 1787 3462 huius
1832 3402 2104 3480 vulgaris
2150 3421 2269 3461 ser-

371 3496 567 3553 monis
614 3494 884 3569 exempla
931 3494 1119 3553 affert.
1185 3513 1338 3569 quae
1385 3513 1525 3552 vero
1572 3493 1635 3550 in
1671 3494 1924 3552 vetustis
1967 3492 2269 3567 scriptori-

367 3583 480 3642 bus
534 3582 907 3659 pedestribus
962 3582 1254 3642 eiusmodi
1306 3583 1536 3641 tradita
1591 3584 1754 3656 sunt,
1809 3582 2099 3640 mutanda
2144 3598 2271 3639 esse

367 3676 569 3731 censet
612 3671 1060 3732 Kiihner-Blass
1114 3665 1222 3730 Gr.
1258 3672 1361 3731 Grr.
1391 3672 1424 3730 I
1456 3676 1485 3729 1
1539 3692 1594 3747 p.
1628 3672 1775 3729 402.
