2693 4100
1248 270 1629 324 -XL-

897 474 999 531 IV.
1055 474 1163 533 Ad
1206 475 1595 534 flexionem
1644 478 1978 551 spectant

416 613 1166 690 κατηναγκασμὲνως
1231 618 1303 675 fr.
1352 617 1608 675 XXXIII
1673 619 1783 677 col.
1831 618 1894 676 H
1926 623 2024 679 11.
2131 619 2283 677 talia
2346 618 2446 676 ad-

470 784 473 789 ·
549 703 753 765 verbia
782 723 854 762 ex
880 705 1200 782 participio
1240 704 1516 766 derivata
1551 707 1616 765 in
1643 708 1883 785 vulgari
1919 727 2190 768 sermone
2224 709 2450 766 usitata

433 836 439 847 .
550 795 705 867 sunt,
750 797 821 852 ut
863 796 930 852 in
974 795 1215 854 Aristea
1263 788 1397 876 (cfr.
1451 795 1709 855 indicem
1754 797 2141 857 Wendlandii
2185 817 2241 872 p.
2294 788 2448 875 221)

424 936 430 965 .-
552 876 1019 956 ἀπερριμὲνως,
1082 881 1594 960 διηλλαγμένως,
1663 881 2024 960 ἑπομένως,
2081 904 2452 962 quamquam

550 988 725 1046 saepe
755 972 937 1033 etiam
965 975 1028 1031 in
1048 972 1472 1033 Atticistarum
1500 977 1831 1035 orationem
1858 995 1889 1033 e
1919 977 2156 1054 vulgari
2184 994 2451 1034 sermone

551 1061 935 1123 asciscuntur.

418 1141 897 1223 ,ἀντιτεθήκει
953 1150 1146 1209 forma
1202 1152 1272 1209 fr.
1312 1152 1431 1211 XII
1476 1152 1586 1211 eol.
1623 1153 1687 1211 H
1728 1155 1808 1213 13
1859 1155 2181 1231 augmento
2228 1171 2451 1212 carens.

551 1237 655 1297 cfr.
692 1238 995 1299 Blassium
1035 1239 1140 1299 Gr.
1170 1241 1225 1299 d.
1255 1241 1388 1298 NT
1418 1262 1476 1318 p.
1509 1243 1619 1300 37:
1672 1244 2059 1320 augmentum
2096 1241 2454 1318 sylla-hicum

550 1324 1125 1405 plusquamperfecti
1193 1330 1395 1390 deesse
1455 1332 1609 1391 solet
1668 1331 1730 1391 in
1790 1331 1846 1388 N
1859 1332 1924 1389 T.
2031 1350 2206 1408 saepe
2267 1332 2452 1393 etiam

423 1415 428 1425 ’
550 1416 711 1492 apud
766 1418 1110 1492 Epictetum
1165 1418 1346 1478 deest.
1439 1440 1513 1478 ne
1569 1420 1644 1478 ab
1699 1420 2001 1481 Atticistis
2057 1420 2302 1497 quide-m
2356 1420 2453 1478 hic

433 1587 437 1591 .
550 1505 817 1584 vulgaris
845 1525 987 1566 usus
1017 1508 1247 1567 alienus
1276 1512 1384 1582 est,
1414 1509 1517 1568 cfr.
1551 1508 1919 1568 Schmidium
1944 1510 1982 1568 1.
2014 1529 2061 1569 c.
2099 1509 2187 1568 IV
2213 1530 2271 1585 p.
2305 1511 2450 1568 591.

550 1595 840 1654 nonnulla
878 1596 1147 1672 exempla
1185 1597 1345 1672 apud
1387 1597 1549 1674 ipsos
1586 1598 1821 1659 Atticos
1860 1600 2179 1675 scriptores
2224 1597 2452 1657 inveni-

549 1686 751 1759 untur,
807 1704 959 1760 quae
1013 1686 1223 1746 tollere
1286 1687 1420 1745 vult
1481 1687 1930 1747 Kiihner-Blass
1998 1688 2101 1747 Gr.
2153 1687 2259 1747 Gr.
2314 1687 2347 1745 Ι
2394 1688 2452 1761 2,

941 1990 1014 2048 V.
1083 1990 1514 2050 Structurae
1559 1992 1919 2070 vulgares.

432 2135 522 2213 ,1.
570 2128 739 2207 παρ’
796 2129 1133 2208 ἐμαυτόν
1191 2136 1262 2196 fr.
1302 2134 1366 2194 Π
1421 2135 1530 2194 col.
1569 2134 1655 2192 IV
1699 2137 1732 2193 1
1792 2130 2008 2198 πάντα
2065 2129 2242 2214 [τὰῬ]
2300 2131 2454 2208 παρ’

432 2275 475 2300 ··.-
570 2218 849 2296 ἐμαυτὸν
889 2219 1210 2297 ἔπραττον
1250 2219 1330 2284 ἄν
1360 2227 1559 2283 omnia
1594 2225 1865 2298 facerem,
1903 2242 2053 2298 quae
2086 2226 2154 2284 im
2188 2242 2319 2283 mea
2345 2242 2456 2296 po-

462 2363 465 2366 ,
569 2315 768 2370 testate
824 2318 1021 2372 essent.
1133 2313 1210 2372 ad
1272 2314 1428 2381 hanc
1500 2316 1865 2373 structuram
1940 2315 2208 2374 conferas
2272 2313 2455 2371 velim

453 2463 457 2467 ,
568 2400 835 2475 Epicteti
890 2401 1028 2461 diss.
1084 2400 1146 2459 H
1185 2406 1245 2476 2,
1283 2404 1368 2461 20
1425 2398 1480 2462 εἰ
1536 2398 1658 2477 γὰρ
1717 2402 2171 2476 σταυρωθῆναι
2227 2399 2455 2475 θέλεις,

570 2485 817 2551 ἔκδεξαι
863 2487 967 2550 καὶ
1011 2485 1146 2563 ἥξει
1193 2487 1231 2550 ὁ
1276 2488 1589 2565 σταυριόςι
1640 2487 1693 2551 εἰ
1741 2485 1797 2550 δ’
1836 2487 2204 2552 ὑπακοῦσαι
2251 2486 2456 2564 λόγος

572 2573 737 2652 αἱρεῖ
764 2577 868 2638 καὶ
896 2579 1117 2640 πεῖσαι
1156 2577 1232 2640 τό
1264 2596 1335 2651 γε
1367 2576 1518 2655 παρ’
1551 2576 1751 2640 αὑτόν
1790 2571 1927 2660 (pro
1968 2572 2283 2662 σεαυτόν)
2322 2578 2455 2650 κτλ,

569 2666 874 2727 Plutarchi
912 2668 1041 2728 Nic.
1082 2672 1142 2728 et
1181 2669 1379 2727 Crassi
1416 2688 1605 2745 comp.
1645 2690 1703 2745 p.
1735 2671 1907 2729 5662
1954 2669 2168 2730 δοκῶν
2199 2715 2212 2729 .
2243 2716 2256 2729 .
2289 2716 2301 2727 .
2335 2716 2347 2727 .
2378 2666 2456 2728 τὸ

569 2751 721 2830 παρ’
778 2753 978 2818 αὑτὸν
1035 2753 1428 2832 ἀποστερεῖν
1494 2755 1787 2833 Σικελίας
1848 2756 1965 2832 τὴν
2021 2755 2239 2827 πόλιν,
2296 2758 2458 2817 idem

570 2845 643 2904 de
693 2845 871 2905 Stoic.
921 2866 1128 2909 comm.
1181 2852 1304 2906 not.
1352 2868 1409 2923 p.
1445 2850 1568 2907 107
1580 2852 1665 2907 la
1719 2844 1936 2908 πάντα
1978 2844 2060 2907 τὰ
2106 2842 2256 2921 παρ’
2305 2843 2454 2908 ἑαυ-

482 2988 486 3002 ,
542 2932 685 3017 ,τὸν
734 2935 943 2996 ποιεῖν
992 2933 1272 2997 ἕκαστον
1316 2933 1507 2997 ἕνεκα
1550 2936 1668 2997 τοῦ
1708 2932 2049 3010 τυγχάνειν
2096 2937 2229 2997 τῶν
2276 2933 2456 3011 πρώ-

438 3078 443 3081 .
476 3089 479 3094 ,
533 3041 701 3090 ,των
748 3021 911 3085 κατὰ
958 3022 1180 3101 φύσιν.
1248 3025 1464 3102 quibus
1510 3026 1656 3085 locis
1703 3025 1850 3101 quid
1889 3026 2226 3103 significent
2271 3024 2457 3084 verba

568 3110 645 3172 τὸ
702 3109 854 3188 παρ’
911 3110 1111 3176 αὑτόν
1167 3120 1228 3175 et
1283 3112 1363 3174 τὰ
1409 3111 1560 3189 παρ’
1617 3111 1853 3175 ἑαυτόν
1908 3116 2286 3191 perspicuum
2347 3117 2457 3188 est,

434 3195 460 3245 ’-
567 3203 767 3261 minus
822 3204 1077 3268 fortasse
1132 3205 1543 3281 perspicuum,
1598 3203 1895 3280 quomodo
1950 3200 2127 3279 παρά
2177 3223 2313 3263 cum
2361 3223 2457 3263 ac-

431 3286 439 3294 ’
569 3294 837 3352 cusativo
877 3294 1260 3354 coniunctum
1297 3294 1451 3352 hanc
1488 3292 1988 3371 significationem
2034 3296 2319 3353 nanctum
2357 3292 2457 3352 sit.

567 3400 689 3440 una
734 3384 936 3441 tamen
990 3383 1193 3445 huius.
1222 3383 1588 3459 quaestionis
1645 3381 1961 3442 solvendae
2008 3384 2109 3442 via
2154 3382 2302 3441 mihi
2348 3400 2457 3457 pa·

566 3473 692 3529 tere
738 3471 992 3530 videtur.
1058 3468 1236 3546 παρά
1282 3491 1417 3536 cum
1455 3490 1593 3546 acc„
1640 3474 1711 3531 ut
1756 3491 1938 3531 causa
1977 3471 2295 3545 indicetur,
2334 3490 2457 3546 qua

570 3559 800 3635 aliquid
858 3561 992 3635 fiat,
1060 3560 1377 3620 notissima
1446 3564 1506 3620 et
1568 3560 1965 3624 usitatissima
2023 3560 2456 3637 posterioribus

572 3649 809 3725 quidem
855 3649 1224 3727 temporibus
1273 3652 1365 3709 est
1402 3652 1728 3724 structura3
1778 3668 1929 3725 quae
1977 3649 2335 3727 significatio
2383 3666 2458 3707 ex
