2693 4100
977 308 1039 316 —
1119 276 1325 330 XXXV
1400 309 1467 318 -

339 444 512 503 Plato
549 446 664 523 leg.
687 445 860 505 8060
897 441 1014 506 τὸν
1038 443 1227 506 ξένον
1266 442 1550 519 ἐάσομεν
1587 443 1704 520 τὴν
1743 441 2048 518 Σπάρτην
2085 440 2235 518 ἡμῖν

341 530 514 594 οὕτω
563 534 1018 609 καταδραμεῖν,
1072 534 1177 593 ubi
1229 537 1434 594 tamen
1488 537 1735 611 propria
1784 533 1951 593 verbi
1995 535 2087 593 vis
2133 534 2235 592 ad-

342 623 456 682 hue
501 624 783 699 perlucet.
875 623 1087 682 deinde
1134 623 1346 683 Dionis
1395 623 1584 682 Cassii
1633 623 1922 682 nonnulla
1967 622 2237 699 exempla

341 715 645 771 notantur.
736 731 873 771 eum
929 713 1204 791 genetivo
1263 716 1615 772 construunt
1670 713 1886 771 Athen.
1945 716 2006 770 et
2060 713 2233 789 Diog.

228 816 232 820 ·
342 802 539 862 Laert.
588 803 692 861 cfr.
740 802 834 859 W.
866 800 1107 861 Sehmid
1153 804 1192 861 l.
1223 822 1269 862 c.
1315 802 1380 861 H
1425 823 1480 877 p.
1516 804 1660 861 219.

221 885 341 964 ὀχί
389 909 496 966 pro
545 887 690 964 οὐχί
738 891 808 948 fr.
838 891 991 950 VIII
1037 893 1144 950 eol.
1174 891 1237 949 II
1269 894 1369 951 10.
1443 892 1710 969 vulgaris
1772 894 1862 951 est
1921 889 2238 967 dipthongi

338 982 611 1038 mutatio,
677 980 781 1038 cfr.
820 982 1116 1056 exempla,
1164 1000 1318 1057 quae
1361 981 1605 1057 collegit·
1655 979 1905 1038 Gronert
1940 981 2237 1039 Memoria

341 1067 571 1128 Graeca
617 1069 1078 1128 Herculanensis
1123 1091 1179 1146 p.
1224 1072 1376 1129 129:
1425 1065 1539 1129 ὀδέ
1577 1096 1645 1115 =
1684 1065 1837 1129 οὐδέ
1884 1069 2042 1128 Berl.
2089 1068 2235 1126 Urk.

338 1156 389 1231 I,
420 1159 522 1232 98,
555 1162 665 1232 213
713 1154 789 1217 ὀκ
819 1186 886 1204 =
918 1155 1036 1218 οὐκ
1082 1157 1242 1218 LXX
1282 1151 1495 1240 (Exod.
1531 1162 1588 1232 7,
1620 1159 1729 1231 23,
1767 1154 1966 1217 Hesai.
1997 1159 2102 1232 40,
2136 1159 2237 1231 16,

336 1246 553 1306 Jerem.
606 1250 714 1322 12,
756 1249 822 1321 33
873 1251 982 1322 22,
1024 1239 1164 1329 12)3
1211 1244 1290 1322 ὀχ
1331 1275 1399 1294 =
1431 1244 1551 1321 οὐχ
1606 1246 1808 1305 Hesai.
1858 1247 1959 1320 58,
1993 1250 2027 1305 7
2079 1238 2235 1327 (cod.

340 1328 610 1417 Sinait.);
685 1332 762 1395 ὀκ
836 1332 1224 1410 εἰσήκουσεν
1298 1338 1424 1396 eod.
1498 1336 1892 1396 Pentateuehi
1963 1335 2235 1394 Ambros.

342 1417 415 1504 (s,
444 1418 530 1504 V)
577 1425 679 1484 fol.
721 1427 832 1499 363
889 1421 1002 1486 ὀδὲ
1058 1445 1196 1502 pap.
1253 1426 1500 1486 Henoeh
1547 1418 1621 1505 (s.
1653 1417 1766 1505 VI)
1815 1425 1923 1484 eol.
1958 1426 2058 1499 13,
2090 1426 2129 1481 4
2177 1428 2238 1483 et

338 1509 416 1572 ὀκ
462 1513 570 1573 eol.
605 1517 708 1589 14,
741 1516 840 1573 13.
933 1509 1037 1588 ὄχι
1092 1514 1269 1575 hodie
1325 1515 1490 1590 apud
1538 1512 1792 1573 Graecos
1842 1515 1906 1572 in
1951 1531 2238 1590 responso

337 1603 457 1661 dici
500 1605 739 1662 minime
785 1603 1032 1683 dignum
1079 1607 1169 1663 est
1215 1599 1377 1679 quod
1422 1607 1677 1664 notetur.

202 1687 544 1765 περαιόω
600 1711 710 1768 pro
767 1689 1053 1767 περαίνω
1109 1695 1182 1753 fr.
1228 1692 1372 1751 VIII
1419 1694 1524 1752 col.
1566 1693 1598 1751 I
1636 1694 1691 1751 6.
1786 1694 2008 1770 legitur
2054 1693 2239 1751 etiam

337 1781 499 1840 Berl.
541 1782 680 1842 Urk.
711 1781 741 1839 Ι
772 1784 875 1857 33,
909 1786 943 1841 7
956 1803 972 1841 ε
1021 1780 1149 1853 ἐγὼ
1197 1779 1321 1856 γὰρ
1372 1779 1651 1858 ἐμαυτὸν
1689 1777 1807 1842 οὐκ
1854 1777 2001 1855 ἔχω,
2052 1777 2105 1840 εἰ
2154 1777 2236 1854 μὴ

336 1871 664 1948 περαιωθῇ
721 1868 797 1930 τὸ
854 1871 1116 1945 πρᾶγμα
1171 1871 1395 1942 τοῦτο,
1441 1872 1503 1929 Π
1541 1873 1699 1944 417,
1741 1873 1851 1929 26:
1900 1864 2048 1929 οἶδα
2094 1866 2237 1943 γάρ,

336 1953 460 2029 ὅτι,
503 1956 618 2019 ἐὰν
647 1956 856 2039 θέλῃς,
896 1955 1110 2020 πάντα
1147 1957 1681 2034 περαιωθήσεται.
1745 1961 2033 2019 notantur
2066 1977 2238 2034 prae-

336 2053 503 2107 terea
549 2049 722 2109 Philo
768 2048 1033 2109 Judaeus
1080 2049 1152 2108 de
1200 2050 1454 2110 caritate
1501 2047 1540 2125 ἓ
1578 2055 1643 2124 1,
1689 2048 1965 2108 «Iustinus
2013 2048 2237 2125 Tryph.

339 2139 442 2212 68,
478 2141 585 2213 77,
631 2138 912 2198 Irenaeus
946 2143 1010 2214 1,
1043 2142 1108 2214 9,
1140 2141 1207 2214 5,
1263 2138 1534 2199 Clemens
1592 2139 1757 2197 Alex.
1815 2158 1872 2214 p.
1915 2140 2069 2212 734,
2115 2138 2237 2197 Leo

337 2226 504 2285 Diae.
553 2227 710 2286 Hist.
748 2248 805 2304 p.
838 2229 949 2303 37,
983 2230 1080 2287 19.
1174 2228 1343 2287 euius
1400 2227 1854 2305 significationis
1903 2228 2238 2303 exemplum

342 2335 412 2373 ex
448 2318 703 2376 vetustis
741 2317 1127 2391 scriptoribus
1172 2337 1359 2375 unum
1401 2320 1609 2376 notum
1656 2318 1748 2375 est
1783 2315 2049 2391 Xenoph.
2078 2315 2239 2375 Hell.

338 2409 396 2480 2,
427 2407 485 2479 4,
518 2406 620 2479 39,
666 2405 774 2463 ubi
828 2405 1005 2465 lectio
1056 2405 1284 2464 tradita
1330 2403 1828 2480 περαιωθέντων
1875 2425 1912 2464 a
1955 2405 2236 2480 Wytten-

270 2571 277 2576 ἢ
338 2493 552 2553 bachio
600 2497 834 2553 mutata
881 2497 972 2553 θεὴ
1015 2497 1080 2552 in
1126 2492 1600 2569 περανθέντων.
1683 2494 2018 2569 Hesychius
2065 2496 2243 2553 notat

335 2583 795 2657 περαιωθῆναι·
843 2582 1278 2658 τελειωθῆναι.

199 2668 403 2745 πλήν
449 2673 487 2730 ί.
525 2692 581 2747 q.
631 2667 796 2731 ἀλλά
841 2673 913 2731 fr.
958 2672 1110 2730 VIII
1155 2674 1263 2732 col.
1301 2672 1365 2731 II
1406 2676 1505 2732 11.
1599 2673 1701 2730 cfr.
1748 2671 1923 2731 Blass
1973 2671 2238 2731 Gramma.

333 2762 389 2819 d.
434 2765 669 2821 nemost.
722 2761 1056 2820 Griechiseh
1100 2782 1158 2837 p.
1200 2763 1325 2821 262
1378 2763 1465 2836 et,
1512 2765 1583 2820 ut
1629 2781 1660 2819 e
1706 2761 1952 2837 papyris
1999 2780 2236 2837 quoque

335 2851 668 2925 exemplum
705 2850 946 2924 habeas»,
982 2852 1220 2925 Faywm
1246 2852 1395 2925 Pap.
1427 2853 1531 2925 20,
1564 2852 1644 2909 15
1685 2846 1840 2909 οὐδὲ
1877 2847 2000 2923 γὰρ
2040 2847 2238 2911 τοῦτό

335 2955 439 3013 μοι
480 2936 999 3014 σπουδαιότερον
1047 2937 1111 3001 ἐξ
1151 2935 1461 3000 ἁπάντων
1509 2935 2018 3013 χρηματίζεσθαι,
2066 2936 2235 3012 πλὴν

339 3027 586 3101 μᾶλλον
652 3025 1107 3108 φιλανθρωπίᾳ
1171 3046 1242 3089 τε
1306 3026 1411 3088 καὶ
1475 3024 1823 3102 συνεργίας
1892 3023 2235 3087 συναύξειν

334 3114 576 3191 ταύτην
631 3114 748 3191 τὴν
806 3113 1028 3192 ἀρχήν.
1119 3118 1258 3177 inde
1316 3138 1355 3177 a.
1409 3113 1663 3193 Polybio
1719 3117 1891 3176 valde
1940 3117 2235 3174 usitatum

227 3220 231 3223 ’
336 3210 441 3265 est.
552 3208 672 3264 iam
729 3207 1148 3266 Demosthenis
1203 3208 1371 3267 loeus
1427 3207 1677 3264 affertur
1731 3198 2236 3285 (Kfihner·Gerth

336 3293 437 3353 Gr.
486 3293 585 3353 Gr.
636 3294 713 3370 II,
766 3298 800 3352 2
867 3316 924 3371 p.
976 3297 1102 3355 285
1172 3296 1305 3354 adn.
1338 3288 1409 3379 5)
1477 3298 1642 3355 vocis
1707 3291 1876 3366 πλὴν
1941 3296 2077 3352 ante
2135 3312 2234 3351 ne-

335 3381 640 3460 gationem
696 3387 1021 3461 usurpatae
1078 3403 1160 3444 or.
1211 3386 1323 3460 56,
1364 3386 1445 3443 23
1504 3381 1801 3443 πλέουσα
1855 3378 2235 3456 πανταχόσε

335 3470 506 3545 πλὴν
554 3469 670 3533 οὐκ
717 3469 809 3547 εἰς
856 3470 1155 3547 Ἀθήνας,
1211 3492 1358 3549 quo.
1387 3466 1653 3549 exemplo
1699 3473 2018 3531 manifesto
2065 3472 2233 3530 dooe-

333 3566 461 3636 tur,
527 3563 820 3637 quomodo
885 3565 1129 3638 propria
1193 3565 1284 3622 vis
1339 3567 1581 3636 praeter
1643 3564 1707 3620 in
1772 3561 1873 3619 sed
1938 3561 2242 3618 declinare

334 3653 618 3727 potuerit.

1846 3746 1911 3800 C*
