<?xml version="1.0" encoding="UTF-8"?>
<!DOCTYPE html PUBLIC "-//W3C//DTD XHTML 1.0 Transitional//EN"
    "http://www.w3.org/TR/xhtml1/DTD/xhtml1-transitional.dtd">
<html xmlns="http://www.w3.org/1999/xhtml" xml:lang="en" lang="en">
 <head>
  <title>
</title>
<meta http-equiv="Content-Type" content="text/html;charset=utf-8" />
  <meta name='ocr-system' content='tesseract 3.04.00' />
  <meta name='ocr-capabilities' content='ocr_page ocr_carea ocr_par ocr_line ocrx_word'/>
</head>
<body>
  <div class='ocr_page' id='page_1' title='image "./diogenisoenoand00oenogoog_0026.png"; bbox 0 0 2693 4100; ppageno 0'>
   <div class='ocr_carea' id='block_1_1' title="bbox 1165 237 1604 291">
    <p class='ocr_par' dir='ltr' id='par_1_1' title="bbox 1165 237 1604 291">
     <span class='ocr_line' id='line_1_1' title="bbox 1165 237 1604 291; baseline 0 0"><span class='ocrx_word' id='word_1_1' title='bbox 1165 270 1234 277; x_wconf 90' lang='lat'><strong>—</strong></span> <span class='ocrx_word' id='word_1_2' title='bbox 1311 237 1462 291; x_wconf 89' lang='lat' dir='ltr'><strong>XXII</strong></span> <span class='ocrx_word' id='word_1_3' title='bbox 1535 270 1604 278; x_wconf 93' lang='lat'><strong>—-</strong></span> 
     </span>
    </p>
   </div>
   <div class='ocr_carea' id='block_1_2' title="bbox 355 406 2409 3689">
    <p class='ocr_par' dir='ltr' id='par_1_2' title="bbox 359 406 2402 2266">
     <span class='ocr_line' id='line_1_2' title="bbox 360 406 2399 483; baseline -0 -18"><span class='ocrx_word' id='word_1_4' title='bbox 360 409 618 481; x_wconf 72' lang='lat' dir='ltr'><strong>sin-atur,</strong></span> <span class='ocrx_word' id='word_1_5' title='bbox 675 407 837 482; x_wconf 90' lang='lat' dir='ltr'><strong>quod</strong></span> <span class='ocrx_word' id='word_1_6' title='bbox 892 407 990 466; x_wconf 91' lang='lat' dir='ltr'><strong>hic</strong></span> <span class='ocrx_word' id='word_1_7' title='bbox 1043 409 1322 483; x_wconf 86' lang='lat' dir='ltr'><strong>matrem,</strong></span> <span class='ocrx_word' id='word_1_8' title='bbox 1381 407 1527 467; x_wconf 88' lang='lat' dir='ltr'><strong>alibi</strong></span> <span class='ocrx_word' id='word_1_9' title='bbox 1584 409 1733 466; x_wconf 90' lang='lat' dir='ltr'><strong>alios</strong></span> <span class='ocrx_word' id='word_1_10' title='bbox 1789 406 2119 482; x_wconf 76' lang='lat' dir='ltr'><strong>alloquitur</strong></span> <span class='ocrx_word' id='word_1_11' title='bbox 2173 409 2399 466; x_wconf 88' lang='lat' dir='ltr'><strong>auctor.</strong></span> 
     </span>
     <span class='ocr_line' id='line_1_3' title="bbox 361 495 2399 573; baseline -0 -18"><span class='ocrx_word' id='word_1_12' title='bbox 361 496 464 555; x_wconf 89' lang='lat' dir='ltr'><strong>sed</strong></span> <span class='ocrx_word' id='word_1_13' title='bbox 518 498 765 556; x_wconf 87' lang='lat' dir='ltr'><strong>minime</strong></span> <span class='ocrx_word' id='word_1_14' title='bbox 823 497 946 554; x_wconf 87' lang='lat' dir='ltr'><strong>alia</strong></span> <span class='ocrx_word' id='word_1_15' title='bbox 1001 496 1284 555; x_wconf 78' lang='lat' dir='ltr'><strong>allocutio</strong></span> <span class='ocrx_word' id='word_1_16' title='bbox 1351 498 1414 555; x_wconf 93' lang='lat' dir='ltr'><strong>et</strong></span> <span class='ocrx_word' id='word_1_17' title='bbox 1469 496 1589 555; x_wconf 90' lang='lat' dir='ltr'><strong>alia</strong></span> <span class='ocrx_word' id='word_1_18' title='bbox 1643 497 1980 573; x_wconf 87' lang='lat' dir='ltr'><strong>litterarum</strong></span> <span class='ocrx_word' id='word_1_19' title='bbox 2045 495 2399 573; x_wconf 77' lang='lat' dir='ltr'><strong>magnitudo</strong></span> 
     </span>
     <span class='ocr_line' id='line_1_4' title="bbox 365 570 2401 659; baseline -0 -15"><span class='ocrx_word' id='word_1_20' title='bbox 365 586 553 644; x_wconf 90' lang='lat' dir='ltr'><strong>alium</strong></span> <span class='ocrx_word' id='word_1_21' title='bbox 627 587 934 645; x_wconf 76' lang='lat' dir='ltr'><strong>auctorem</strong></span> <span class='ocrx_word' id='word_1_22' title='bbox 1003 585 1302 659; x_wconf 85' lang='lat' dir='ltr'><strong>indicant,</strong></span> <span class='ocrx_word' id='word_1_23' title='bbox 1367 589 1429 644; x_wconf 88' lang='lat' dir='ltr'><strong>et</strong></span> <span class='ocrx_word' id='word_1_24' title='bbox 1492 586 1638 644; x_wconf 81' lang='lat' dir='ltr'><strong>satis</strong></span> <span class='ocrx_word' id='word_1_25' title='bbox 1704 587 1792 644; x_wconf 88' lang='lat' dir='ltr'><strong>est</strong></span> <span class='ocrx_word' id='word_1_26' title='bbox 1840 570 1916 645; x_wconf 87' lang='grc'><strong>18</strong></span> <span class='ocrx_word' id='word_1_27' title='bbox 1978 603 2256 645; x_wconf 85' lang='lat' dir='ltr'><strong>revocare</strong></span> <span class='ocrx_word' id='word_1_28' title='bbox 2322 585 2401 643; x_wconf 92' lang='lat' dir='ltr'><strong>ad</strong></span> 
     </span>
     <span class='ocr_line' id='line_1_5' title="bbox 367 673 2399 753; baseline 0 -21"><span class='ocrx_word' id='word_1_29' title='bbox 367 675 440 732; x_wconf 90' lang='lat' dir='ltr'><strong>fr.</strong></span> <span class='ocrx_word' id='word_1_30' title='bbox 469 674 640 733; x_wconf 91' lang='lat' dir='ltr'>LXII</span> <span class='ocrx_word' id='word_1_31' title='bbox 669 702 735 721; x_wconf 88' lang='lat'><strong><em>=</em></strong></span> <span class='ocrx_word' id='word_1_32' title='bbox 764 674 914 733; x_wconf 90' lang='lat' dir='ltr'><strong>Heb.</strong></span> <span class='ocrx_word' id='word_1_33' title='bbox 945 678 1006 732; x_wconf 89' lang='lat' dir='ltr'><strong>et</strong></span> <span class='ocrx_word' id='word_1_34' title='bbox 1033 673 1167 732; x_wconf 87' lang='lat' dir='ltr'><strong>Kal.</strong></span> <span class='ocrx_word' id='word_1_35' title='bbox 1209 676 1266 748; x_wconf 86' lang='lat'><strong>3,</strong></span> <span class='ocrx_word' id='word_1_36' title='bbox 1305 674 1466 750; x_wconf 91' lang='lat' dir='ltr'><strong>quod</strong></span> <span class='ocrx_word' id='word_1_37' title='bbox 1502 693 1689 749; x_wconf 90' lang='lat' dir='ltr'><strong>aeque</strong></span> <span class='ocrx_word' id='word_1_38' title='bbox 1726 676 1961 753; x_wconf 89' lang='lat' dir='ltr'><strong>magnis</strong></span> <span class='ocrx_word' id='word_1_39' title='bbox 1997 674 2217 733; x_wconf 87' lang='lat' dir='ltr'><strong>litteris</strong></span> <span class='ocrx_word' id='word_1_40' title='bbox 2257 674 2399 733; x_wconf 87' lang='lat' dir='ltr'><strong>scri·</strong></span> 
     </span>
     <span class='ocr_line' id='line_1_6' title="bbox 359 763 2399 841; baseline 0 -20"><span class='ocrx_word' id='word_1_41' title='bbox 359 767 532 839; x_wconf 90' lang='lat' dir='ltr'><strong>ptum</strong></span> <span class='ocrx_word' id='word_1_42' title='bbox 589 767 770 840; x_wconf 88' lang='lat' dir='ltr'><strong>atque</strong></span> <span class='ocrx_word' id='word_1_43' title='bbox 824 763 971 822; x_wconf 89' lang='lat' dir='ltr'><strong>haec</strong></span> <span class='ocrx_word' id='word_1_44' title='bbox 1016 763 1089 822; x_wconf 90' lang='lat' dir='ltr'><strong>de</strong></span> <span class='ocrx_word' id='word_1_45' title='bbox 1141 783 1260 840; x_wconf 89' lang='lat' dir='ltr'><strong>qua</strong></span> <span class='ocrx_word' id='word_1_46' title='bbox 1321 765 1554 841; x_wconf 82' lang='lat' dir='ltr'><strong>agimus</strong></span> <span class='ocrx_word' id='word_1_47' title='bbox 1614 763 1875 838; x_wconf 83' lang='lat' dir='ltr'><strong>epistula</strong></span> <span class='ocrx_word' id='word_1_48' title='bbox 1930 766 2177 840; x_wconf 89' lang='lat' dir='ltr'><strong>propter</strong></span> <span class='ocrx_word' id='word_1_49' title='bbox 2222 781 2399 840; x_wconf 91' lang='lat' dir='ltr'><strong>argu-</strong></span> 
     </span>
     <span class='ocr_line' id='line_1_7' title="bbox 361 851 2398 928; baseline 0 -17"><span class='ocrx_word' id='word_1_50' title='bbox 361 855 627 912; x_wconf 85' lang='lat' dir='ltr'><strong>mentum</strong></span> <span class='ocrx_word' id='word_1_51' title='bbox 684 872 721 911; x_wconf 88' lang='lat' dir='ltr'><strong>a</strong></span> <span class='ocrx_word' id='word_1_52' title='bbox 777 853 944 911; x_wconf 89' lang='lat' dir='ltr'><strong>nullo</strong></span> <span class='ocrx_word' id='word_1_53' title='bbox 1002 853 1122 912; x_wconf 87' lang='lat' dir='ltr'><strong>alio</strong></span> <span class='ocrx_word' id='word_1_54' title='bbox 1182 854 1469 928; x_wconf 84' lang='lat' dir='ltr'><strong>scriptum</strong></span> <span class='ocrx_word' id='word_1_55' title='bbox 1526 870 1649 912; x_wconf 88' lang='lat' dir='ltr'><strong>esse</strong></span> <span class='ocrx_word' id='word_1_56' title='bbox 1705 854 1908 928; x_wconf 88' lang='lat' dir='ltr'><strong>potest</strong></span> <span class='ocrx_word' id='word_1_57' title='bbox 1960 853 2080 911; x_wconf 89' lang='lat' dir='ltr'><strong>nisi</strong></span> <span class='ocrx_word' id='word_1_58' title='bbox 2135 851 2209 911; x_wconf 89' lang='lat' dir='ltr'><strong>ab</strong></span> <span class='ocrx_word' id='word_1_59' title='bbox 2266 852 2398 928; x_wconf 86' lang='lat' dir='ltr'><strong>ipso</strong></span> 
     </span>
     <span class='ocr_line' id='line_1_8' title="bbox 363 936 2392 1023; baseline 0.001 -24"><span class='ocrx_word' id='word_1_60' title='bbox 363 942 629 1020; x_wconf 83' lang='lat' dir='ltr'><strong>Diogene</strong></span> <span class='ocrx_word' id='word_1_61' title='bbox 685 936 738 1023; x_wconf 88' lang='lat'><strong>(.</strong></span> <span class='ocrx_word' id='word_1_62' title='bbox 770 988 827 1001; x_wconf 90' lang='lat'><strong>..</strong></span> <span class='ocrx_word' id='word_1_63' title='bbox 884 958 1040 1015; x_wconf 88' lang='grc' dir='ltr'>τους</span> <span class='ocrx_word' id='word_1_64' title='bbox 1096 938 1585 1015; x_wconf 79' lang='grc' dir='ltr'>ἐπιδημούντων</span> <span class='ocrx_word' id='word_1_65' title='bbox 1640 938 1844 1002; x_wconf 83' lang='grc' dir='ltr'>Ξένων</span> <span class='ocrx_word' id='word_1_66' title='bbox 1901 937 2392 1016; x_wconf 80' lang='grc' dir='ltr'>φιλάνθρωπονς</span> 
     </span>
     <span class='ocr_line' id='line_1_9' title="bbox 361 1030 2396 1090; baseline -0.001 -1"><span class='ocrx_word' id='word_1_67' title='bbox 361 1035 466 1090; x_wconf 79' lang='lat' dir='ltr'><strong>cfr.</strong></span> <span class='ocrx_word' id='word_1_68' title='bbox 515 1032 585 1089; x_wconf 73' lang='lat' dir='ltr'><strong>fr.</strong></span> <span class='ocrx_word' id='word_1_69' title='bbox 618 1030 678 1089; x_wconf 94' lang='lat' dir='ltr'><strong>II</strong></span> <span class='ocrx_word' id='word_1_70' title='bbox 716 1032 824 1090; x_wconf 91' lang='lat' dir='ltr'><strong>col.</strong></span> <span class='ocrx_word' id='word_1_71' title='bbox 855 1031 909 1086; x_wconf 93' lang='lat' dir='ltr'><strong>V</strong></span> <span class='ocrx_word' id='word_1_72' title='bbox 939 1058 1007 1076; x_wconf 92' lang='lat'>=</span> <span class='ocrx_word' id='word_1_73' title='bbox 1035 1031 1184 1090; x_wconf 89' lang='lat' dir='ltr'><strong>Heb.</strong></span> <span class='ocrx_word' id='word_1_74' title='bbox 1224 1036 1285 1090; x_wconf 90' lang='lat' dir='ltr'><strong>et</strong></span> <span class='ocrx_word' id='word_1_75' title='bbox 1320 1031 1456 1090; x_wconf 90' lang='lat' dir='ltr'><strong>Kal.</strong></span> <span class='ocrx_word' id='word_1_76' title='bbox 1502 1030 1574 1089; x_wconf 82' lang='lat' dir='ltr'><strong>fr.</strong></span> <span class='ocrx_word' id='word_1_77' title='bbox 1607 1031 1688 1090; x_wconf 84' lang='lat'><strong>58</strong></span> <span class='ocrx_word' id='word_1_78' title='bbox 1729 1032 1838 1089; x_wconf 89' lang='lat' dir='ltr'><strong>col.</strong></span> <span class='ocrx_word' id='word_1_79' title='bbox 1868 1030 1955 1088; x_wconf 88' lang='lat' dir='ltr'><strong>IV</strong></span> <span class='ocrx_word' id='word_1_80' title='bbox 2002 1034 2062 1089; x_wconf 89' lang='lat' dir='ltr'><strong>et</strong></span> <span class='ocrx_word' id='word_1_81' title='bbox 2098 1031 2170 1090; x_wconf 86' lang='lat' dir='ltr'><strong>fr.</strong></span> <span class='ocrx_word' id='word_1_82' title='bbox 2201 1030 2396 1088; x_wconf 89' lang='lat' dir='ltr'>XXIV</span> 
     </span>
     <span class='ocr_line' id='line_1_10' title="bbox 361 1114 2397 1194; baseline 0 -16"><span class='ocrx_word' id='word_1_83' title='bbox 361 1120 471 1179; x_wconf 90' lang='lat' dir='ltr'><strong>col.</strong></span> <span class='ocrx_word' id='word_1_84' title='bbox 500 1119 531 1178; x_wconf 98' lang='lat' dir='ltr'>I</span> <span class='ocrx_word' id='word_1_85' title='bbox 560 1123 620 1179; x_wconf 84' lang='lat' dir='ltr'><strong>et</strong></span> <span class='ocrx_word' id='word_1_86' title='bbox 646 1120 711 1178; x_wconf 89' lang='lat' dir='ltr'><strong>II</strong></span> <span class='ocrx_word' id='word_1_87' title='bbox 747 1147 815 1167; x_wconf 84' lang='lat'><strong>==</strong></span> <span class='ocrx_word' id='word_1_88' title='bbox 854 1120 1001 1179; x_wconf 92' lang='lat' dir='ltr'><strong>Heb.</strong></span> <span class='ocrx_word' id='word_1_89' title='bbox 1043 1124 1102 1179; x_wconf 91' lang='lat' dir='ltr'><strong>et</strong></span> <span class='ocrx_word' id='word_1_90' title='bbox 1137 1120 1271 1178; x_wconf 84' lang='lat' dir='ltr'><strong>Kal.</strong></span> <span class='ocrx_word' id='word_1_91' title='bbox 1321 1121 1392 1178; x_wconf 86' lang='lat' dir='ltr'><strong>fr.</strong></span> <span class='ocrx_word' id='word_1_92' title='bbox 1426 1121 1536 1194; x_wconf 80' lang='lat'><strong>613</strong></span> <span class='ocrx_word' id='word_1_93' title='bbox 1583 1124 1644 1179; x_wconf 91' lang='lat' dir='ltr'><strong>et</strong></span> <span class='ocrx_word' id='word_1_94' title='bbox 1679 1120 1811 1180; x_wconf 85' lang='grc' dir='ltr'><strong>τῶν</strong></span> <span class='ocrx_word' id='word_1_95' title='bbox 1850 1115 2266 1194; x_wconf 83' lang='grc' dir='ltr'>πραγμάτων,</span> <span class='ocrx_word' id='word_1_96' title='bbox 2305 1114 2397 1178; x_wconf 85' lang='grc' dir='ltr'><strong>ὧν</strong></span> 
     </span>
     <span class='ocr_line' id='line_1_11' title="bbox 368 1203 2398 1284; baseline -0 -16"><span class='ocrx_word' id='word_1_97' title='bbox 368 1205 439 1268; x_wconf 84' lang='grc' dir='ltr'><strong>ἐν</strong></span> <span class='ocrx_word' id='word_1_98' title='bbox 504 1209 646 1283; x_wconf 85' lang='grc' dir='ltr'>ταῖς</span> <span class='ocrx_word' id='word_1_99' title='bbox 703 1205 1062 1270; x_wconf 84' lang='grc' dir='ltr'>ὑποκάτω</span> <span class='ocrx_word' id='word_1_100' title='bbox 1121 1204 1363 1283; x_wconf 88' lang='grc' dir='ltr'>χώραις</span> <span class='ocrx_word' id='word_1_101' title='bbox 1425 1206 1731 1282; x_wconf 79' lang='grc' dir='ltr'>ἐδήλωσα</span> <span class='ocrx_word' id='word_1_102' title='bbox 1785 1208 2085 1284; x_wconf 81' lang='grc' dir='ltr'>φυσικῶν</span> <span class='ocrx_word' id='word_1_103' title='bbox 2140 1225 2210 1269; x_wconf 87' lang='grc' dir='ltr'><strong>τε</strong></span> <span class='ocrx_word' id='word_1_104' title='bbox 2268 1203 2398 1282; x_wconf 86' lang='grc' dir='ltr'><strong>ἅμα</strong></span> 
     </span>
     <span class='ocr_line' id='line_1_12' title="bbox 360 1290 2402 1379; baseline -0.001 -22"><span class='ocrx_word' id='word_1_105' title='bbox 360 1295 463 1358; x_wconf 88' lang='grc' dir='ltr'><strong>καὶ</strong></span> <span class='ocrx_word' id='word_1_106' title='bbox 491 1290 924 1379; x_wconf 84' lang='grc' dir='ltr'><strong>παθητικῶν.).</strong></span> <span class='ocrx_word' id='word_1_107' title='bbox 974 1299 1135 1373; x_wconf 91' lang='lat' dir='ltr'><strong>quod</strong></span> <span class='ocrx_word' id='word_1_108' title='bbox 1168 1299 1575 1377; x_wconf 85' lang='lat' dir='ltr'><strong>fragmentum</strong></span> <span class='ocrx_word' id='word_1_109' title='bbox 1613 1299 1907 1374; x_wconf 90' lang='lat' dir='ltr'><strong>quomodo</strong></span> <span class='ocrx_word' id='word_1_110' title='bbox 1947 1317 1983 1356; x_wconf 91' lang='lat' dir='ltr'><strong>a</strong></span> <span class='ocrx_word' id='word_1_111' title='bbox 2022 1296 2280 1357; x_wconf 81' lang='lat' dir='ltr'><strong>Oousino</strong></span> <span class='ocrx_word' id='word_1_112' title='bbox 2319 1298 2402 1356; x_wconf 91' lang='lat' dir='ltr'><strong>ei-</strong></span> 
     </span>
     <span class='ocr_line' id='line_1_13' title="bbox 361 1387 2400 1464; baseline -0 -19"><span class='ocrx_word' id='word_1_113' title='bbox 361 1387 496 1446; x_wconf 85' lang='lat' dir='ltr'><strong>dem</strong></span> <span class='ocrx_word' id='word_1_114' title='bbox 525 1387 836 1463; x_wconf 83' lang='lat' dir='ltr'><strong>epistulae,</strong></span> <span class='ocrx_word' id='word_1_115' title='bbox 875 1407 1055 1462; x_wconf 89' lang='lat' dir='ltr'><strong>quam</strong></span> <span class='ocrx_word' id='word_1_116' title='bbox 1090 1387 1338 1464; x_wconf 83' lang='lat' dir='ltr'><strong>Epicuri</strong></span> <span class='ocrx_word' id='word_1_117' title='bbox 1374 1389 1501 1447; x_wconf 84' lang='lat' dir='ltr'><strong>sive</strong></span> <span class='ocrx_word' id='word_1_118' title='bbox 1540 1388 1856 1446; x_wconf 87' lang='lat' dir='ltr'><strong>familiaris</strong></span> <span class='ocrx_word' id='word_1_119' title='bbox 1885 1387 2013 1446; x_wconf 89' lang='lat' dir='ltr'><strong>eius</strong></span> <span class='ocrx_word' id='word_1_120' title='bbox 2042 1405 2167 1446; x_wconf 87' lang='lat' dir='ltr'><strong>esse</strong></span> <span class='ocrx_word' id='word_1_121' title='bbox 2202 1389 2400 1461; x_wconf 87' lang='lat' dir='ltr'><strong>putat,</strong></span> 
     </span>
     <span class='ocr_line' id='line_1_14' title="bbox 364 1476 2398 1553; baseline -0.002 -18"><span class='ocrx_word' id='word_1_122' title='bbox 364 1476 549 1535; x_wconf 88' lang='lat' dir='ltr'><strong>inseri</strong></span> <span class='ocrx_word' id='word_1_123' title='bbox 595 1478 865 1551; x_wconf 89' lang='lat' dir='ltr'><strong>potuerit</strong></span> <span class='ocrx_word' id='word_1_124' title='bbox 909 1495 1028 1534; x_wconf 89' lang='lat' dir='ltr'><strong>non</strong></span> <span class='ocrx_word' id='word_1_125' title='bbox 1065 1476 1370 1553; x_wconf 77' lang='lat' dir='ltr'><strong>intellego,</strong></span> <span class='ocrx_word' id='word_1_126' title='bbox 1436 1476 1508 1535; x_wconf 91' lang='lat' dir='ltr'><strong>de</strong></span> <span class='ocrx_word' id='word_1_127' title='bbox 1546 1476 1780 1536; x_wconf 85' lang='lat' dir='ltr'><strong>diversa</strong></span> <span class='ocrx_word' id='word_1_128' title='bbox 1819 1479 2019 1536; x_wconf 91' lang='lat' dir='ltr'><strong>autem</strong></span> <span class='ocrx_word' id='word_1_129' title='bbox 2054 1477 2398 1533; x_wconf 89' lang='lat' dir='ltr'><strong>litterarum</strong></span> 
     </span>
     <span class='ocr_line' id='line_1_15' title="bbox 361 1563 2397 1642; baseline -0.001 -19"><span class='ocrx_word' id='word_1_130' title='bbox 361 1565 777 1642; x_wconf 86' lang='lat' dir='ltr'><strong>magnitudine</strong></span> <span class='ocrx_word' id='word_1_131' title='bbox 825 1566 929 1625; x_wconf 73' lang='lat' dir='ltr'><strong>cfr.</strong></span> <span class='ocrx_word' id='word_1_132' title='bbox 979 1584 1132 1641; x_wconf 86' lang='lat' dir='ltr'><strong>quae</strong></span> <span class='ocrx_word' id='word_1_133' title='bbox 1179 1584 1360 1641; x_wconf 88' lang='lat' dir='ltr'><strong>supra</strong></span> <span class='ocrx_word' id='word_1_134' title='bbox 1408 1565 1533 1624; x_wconf 84' lang='lat' dir='ltr'><strong>dixi</strong></span> <span class='ocrx_word' id='word_1_135' title='bbox 1580 1567 1639 1624; x_wconf 90' lang='lat' dir='ltr'><strong>et</strong></span> <span class='ocrx_word' id='word_1_136' title='bbox 1675 1564 2005 1625; x_wconf 86' lang='lat' dir='ltr'><strong>Usenerum</strong></span> <span class='ocrx_word' id='word_1_137' title='bbox 2043 1565 2172 1623; x_wconf 91' lang='lat' dir='ltr'><strong>loco</strong></span> <span class='ocrx_word' id='word_1_138' title='bbox 2211 1563 2397 1622; x_wconf 89' lang='lat' dir='ltr'><strong>citato</strong></span> 
     </span>
     <span class='ocr_line' id='line_1_16' title="bbox 361 1652 2397 1731; baseline -0.001 -18"><span class='ocrx_word' id='word_1_139' title='bbox 361 1675 421 1731; x_wconf 90' lang='lat' dir='ltr'><strong>p.</strong></span> <span class='ocrx_word' id='word_1_140' title='bbox 452 1655 600 1713; x_wconf 84' lang='lat'><strong>418.</strong></span> <span class='ocrx_word' id='word_1_141' title='bbox 649 1654 752 1714; x_wconf 93' lang='lat' dir='ltr'><strong>sed</strong></span> <span class='ocrx_word' id='word_1_142' title='bbox 788 1654 1096 1715; x_wconf 86' lang='lat' dir='ltr'><strong>veniamus</strong></span> <span class='ocrx_word' id='word_1_143' title='bbox 1135 1654 1210 1713; x_wconf 91' lang='lat' dir='ltr'><strong>ad</strong></span> <span class='ocrx_word' id='word_1_144' title='bbox 1248 1657 1474 1714; x_wconf 87' lang='lat' dir='ltr'><strong>ceteras</strong></span> <span class='ocrx_word' id='word_1_145' title='bbox 1514 1673 1722 1714; x_wconf 83' lang='lat' dir='ltr'><strong>causas</strong></span> <span class='ocrx_word' id='word_1_146' title='bbox 1762 1674 1908 1729; x_wconf 90' lang='lat' dir='ltr'><strong>quas</strong></span> <span class='ocrx_word' id='word_1_147' title='bbox 1947 1655 2120 1712; x_wconf 86' lang='lat' dir='ltr'><strong>affert</strong></span> <span class='ocrx_word' id='word_1_148' title='bbox 2158 1652 2397 1712; x_wconf 87' lang='lat' dir='ltr'><strong>Cousin.</strong></span> 
     </span>
     <span class='ocr_line' id='line_1_17' title="bbox 362 1741 2401 1820; baseline -0.001 -18"><span class='ocrx_word' id='word_1_149' title='bbox 362 1745 690 1803; x_wconf 88' lang='lat' dir='ltr'><strong>orationem</strong></span> <span class='ocrx_word' id='word_1_150' title='bbox 739 1744 931 1803; x_wconf 92' lang='lat' dir='ltr'><strong>multo</strong></span> <span class='ocrx_word' id='word_1_151' title='bbox 979 1744 1403 1820; x_wconf 85' lang='lat' dir='ltr'><strong>simpliciorem</strong></span> <span class='ocrx_word' id='word_1_152' title='bbox 1452 1746 1509 1803; x_wconf 84' lang='lat' dir='ltr'><strong>et</strong></span> <span class='ocrx_word' id='word_1_153' title='bbox 1549 1745 1861 1803; x_wconf 88' lang='lat' dir='ltr'><strong>clariorem</strong></span> <span class='ocrx_word' id='word_1_154' title='bbox 1900 1762 2024 1802; x_wconf 89' lang='lat' dir='ltr'><strong>esse</strong></span> <span class='ocrx_word' id='word_1_155' title='bbox 2069 1742 2242 1816; x_wconf 23' lang='lat' dir='ltr'><strong>dicit..</strong></span> <span class='ocrx_word' id='word_1_156' title='bbox 2294 1741 2401 1800; x_wconf 90' lang='lat' dir='ltr'><strong>sed</strong></span> 
     </span>
     <span class='ocr_line' id='line_1_18' title="bbox 360 1831 2401 1909; baseline -0.001 -19"><span class='ocrx_word' id='word_1_157' title='bbox 360 1832 516 1892; x_wconf 87' lang='lat' dir='ltr'><strong>talia</strong></span> <span class='ocrx_word' id='word_1_158' title='bbox 561 1833 772 1892; x_wconf 87' lang='lat' dir='ltr'><strong>fallere</strong></span> <span class='ocrx_word' id='word_1_159' title='bbox 817 1836 1069 1909; x_wconf 83' lang='lat' dir='ltr'><strong>possunt</strong></span> <span class='ocrx_word' id='word_1_160' title='bbox 1106 1835 1166 1891; x_wconf 91' lang='lat' dir='ltr'><strong>et</strong></span> <span class='ocrx_word' id='word_1_161' title='bbox 1202 1834 1462 1893; x_wconf 86' lang='lat' dir='ltr'><strong>sermoni</strong></span> <span class='ocrx_word' id='word_1_162' title='bbox 1496 1833 1671 1892; x_wconf 91' lang='lat' dir='ltr'><strong>huius</strong></span> <span class='ocrx_word' id='word_1_163' title='bbox 1710 1832 2003 1909; x_wconf 88' lang='lat' dir='ltr'><strong>epistulae</strong></span> <span class='ocrx_word' id='word_1_164' title='bbox 2039 1851 2162 1891; x_wconf 90' lang='lat' dir='ltr'><strong>non</strong></span> <span class='ocrx_word' id='word_1_165' title='bbox 2198 1831 2401 1890; x_wconf 90' lang='lat' dir='ltr'><strong>deesse</strong></span> 
     </span>
     <span class='ocr_line' id='line_1_19' title="bbox 362 1921 2400 1998; baseline -0.001 -18"><span class='ocrx_word' id='word_1_166' title='bbox 362 1921 757 1980; x_wconf 87' lang='lat' dir='ltr'><strong>obscuritates</strong></span> <span class='ocrx_word' id='word_1_167' title='bbox 803 1926 1032 1998; x_wconf 90' lang='lat' dir='ltr'><strong>postea,</strong></span> <span class='ocrx_word' id='word_1_168' title='bbox 1078 1924 1148 1981; x_wconf 91' lang='lat' dir='ltr'><strong>ut</strong></span> <span class='ocrx_word' id='word_1_169' title='bbox 1194 1923 1435 1998; x_wconf 90' lang='lat' dir='ltr'><strong>opinor,</strong></span> <span class='ocrx_word' id='word_1_170' title='bbox 1482 1922 1809 1996; x_wconf 87' lang='lat' dir='ltr'><strong>ostendam,</strong></span> <span class='ocrx_word' id='word_1_171' title='bbox 1857 1940 1987 1980; x_wconf 90' lang='lat' dir='ltr'><strong>cum</strong></span> <span class='ocrx_word' id='word_1_172' title='bbox 2037 1922 2112 1980; x_wconf 89' lang='lat' dir='ltr'><strong>ad</strong></span> <span class='ocrx_word' id='word_1_173' title='bbox 2161 1938 2400 1980; x_wconf 88' lang='lat' dir='ltr'><strong>accura-</strong></span> 
     </span>
     <span class='ocr_line' id='line_1_20' title="bbox 359 2004 2402 2095; baseline -0.001 -24"><span class='ocrx_word' id='word_1_174' title='bbox 359 2012 489 2071; x_wconf 86' lang='lat' dir='ltr'><strong>tam</strong></span> <span class='ocrx_word' id='word_1_175' title='bbox 526 2013 1087 2087; x_wconf 89' lang='lat' dir='ltr'><strong>interpretationem</strong></span> <span class='ocrx_word' id='word_1_176' title='bbox 1116 2030 1331 2072; x_wconf 85' lang='lat' dir='ltr'><strong>venero</strong></span> <span class='ocrx_word' id='word_1_177' title='bbox 1372 2004 1504 2095; x_wconf 82' lang='lat' dir='ltr'><strong>(cfr.</strong></span> <span class='ocrx_word' id='word_1_178' title='bbox 1545 2030 1698 2089; x_wconf 90' lang='lat' dir='ltr'><strong>quae</strong></span> <span class='ocrx_word' id='word_1_179' title='bbox 1736 2011 1814 2071; x_wconf 85' lang='lat' dir='ltr'><strong>ad</strong></span> <span class='ocrx_word' id='word_1_180' title='bbox 1850 2012 1922 2070; x_wconf 83' lang='lat' dir='ltr'><strong>fr</strong></span> <span class='ocrx_word' id='word_1_181' title='bbox 1961 2009 2161 2069; x_wconf 90' lang='lat' dir='ltr'>LXIII</span> <span class='ocrx_word' id='word_1_182' title='bbox 2199 2008 2402 2070; x_wconf 89' lang='grc' dir='ltr'>801.Π</span> 
     </span>
     <span class='ocr_line' id='line_1_21' title="bbox 361 2092 2401 2181; baseline 0 -23"><span class='ocrx_word' id='word_1_183' title='bbox 361 2092 532 2181; x_wconf 85' lang='lat' dir='ltr'><strong>dixi).</strong></span> <span class='ocrx_word' id='word_1_184' title='bbox 589 2101 801 2159; x_wconf 88' lang='lat' dir='ltr'><strong>deinde</strong></span> <span class='ocrx_word' id='word_1_185' title='bbox 831 2104 1048 2160; x_wconf 86' lang='lat' dir='ltr'><strong>statuit</strong></span> <span class='ocrx_word' id='word_1_186' title='bbox 1073 2103 1260 2160; x_wconf 88' lang='lat' dir='ltr'><strong>talem</strong></span> <span class='ocrx_word' id='word_1_187' title='bbox 1296 2102 1553 2161; x_wconf 86' lang='lat' dir='ltr'><strong>formam</strong></span> <span class='ocrx_word' id='word_1_188' title='bbox 1582 2102 1778 2177; x_wconf 84' lang='lat' dir='ltr'><strong>qualis</strong></span> <span class='ocrx_word' id='word_1_189' title='bbox 1807 2103 1889 2160; x_wconf 90' lang='lat' dir='ltr'><strong>sit</strong></span> <span class='ocrx_word' id='word_1_190' title='bbox 1917 2096 2401 2175; x_wconf 83' lang='grc' dir='ltr'>ὑφειστήκεσαν</span> 
     </span>
     <span class='ocr_line' id='line_1_22' title="bbox 361 2189 2401 2266; baseline 0 -18"><span class='ocrx_word' id='word_1_191' title='bbox 361 2207 470 2248; x_wconf 89' lang='grc'>1108</span> <span class='ocrx_word' id='word_1_192' title='bbox 516 2189 576 2246; x_wconf 88' lang='grc'><strong>111</strong></span> <span class='ocrx_word' id='word_1_193' title='bbox 626 2191 1028 2265; x_wconf 84' lang='lat' dir='ltr'><strong>antiquiorem</strong></span> <span class='ocrx_word' id='word_1_194' title='bbox 1074 2193 1336 2249; x_wconf 86' lang='lat' dir='ltr'><strong>aetatem</strong></span> <span class='ocrx_word' id='word_1_195' title='bbox 1382 2210 1676 2262; x_wconf 82' lang='lat' dir='ltr'><strong>revocare,</strong></span> <span class='ocrx_word' id='word_1_196' title='bbox 1723 2192 2074 2266; x_wconf 89' lang='lat' dir='ltr'><strong>scriptorem</strong></span> <span class='ocrx_word' id='word_1_197' title='bbox 2111 2189 2401 2266; x_wconf 85' lang='lat' dir='ltr'><strong>Diogenis</strong></span> 
     </span>
    </p>

    <p class='ocr_par' dir='ltr' id='par_1_3' title="bbox 355 2276 2409 3689">
     <span class='ocr_line' id='line_1_23' title="bbox 360 2276 2402 2354; baseline -0.001 -16.964"><span class='ocrx_word' id='word_1_198' title='bbox 360 2280 559 2337; x_wconf 82' lang='lat' dir='ltr'><strong>aetate</strong></span> <span class='ocrx_word' id='word_1_199' title='bbox 639 2279 941 2338; x_wconf 83' lang='lat' dir='ltr'><strong>viventem</strong></span> <span class='ocrx_word' id='word_1_200' title='bbox 1013 2280 1298 2338; x_wconf 87' lang='lat' dir='ltr'><strong>nimirum</strong></span> <span class='ocrx_word' id='word_1_201' title='bbox 1380 2276 1769 2354; x_wconf 78' lang='grc' dir='ltr'>ὑφέστασαν</span> <span class='ocrx_word' id='word_1_202' title='bbox 1844 2279 2142 2338; x_wconf 86' lang='grc'>(118111111111</span> <span class='ocrx_word' id='word_1_203' title='bbox 2217 2278 2402 2337; x_wconf 86' lang='lat' dir='ltr'><strong>fuisse</strong></span> 
     </span>
     <span class='ocr_line' id='line_1_24' title="bbox 358 2366 2398 2445; baseline -0.001 -19"><span class='ocrx_word' id='word_1_204' title='bbox 358 2370 544 2426; x_wconf 83' lang='lat' dir='ltr'><strong>ratus.</strong></span> <span class='ocrx_word' id='word_1_205' title='bbox 637 2366 739 2426; x_wconf 90' lang='lat' dir='ltr'><strong>sed</strong></span> <span class='ocrx_word' id='word_1_206' title='bbox 788 2371 845 2427; x_wconf 81' lang='lat' dir='ltr'><strong>et</strong></span> <span class='ocrx_word' id='word_1_207' title='bbox 900 2370 964 2426; x_wconf 91' lang='lat' dir='ltr'><strong>in</strong></span> <span class='ocrx_word' id='word_1_208' title='bbox 1010 2370 1355 2427; x_wconf 86' lang='lat' dir='ltr'><strong>universum</strong></span> <span class='ocrx_word' id='word_1_209' title='bbox 1400 2369 1650 2445; x_wconf 88' lang='lat' dir='ltr'><strong>perfecti</strong></span> <span class='ocrx_word' id='word_1_210' title='bbox 1695 2369 1922 2428; x_wconf 87' lang='lat' dir='ltr'><strong>formae</strong></span> <span class='ocrx_word' id='word_1_211' title='bbox 1969 2369 2033 2426; x_wconf 90' lang='lat' dir='ltr'><strong>in</strong></span> <span class='ocrx_word' id='word_1_212' title='bbox 2091 2383 2201 2425; x_wconf 89' lang='grc' dir='ltr'><strong>-κα</strong></span> <span class='ocrx_word' id='word_1_213' title='bbox 2248 2367 2398 2425; x_wconf 90' lang='lat' dir='ltr'><strong>desi-</strong></span> 
     </span>
     <span class='ocr_line' id='line_1_25' title="bbox 362 2447 2400 2538; baseline -0 -24"><span class='ocrx_word' id='word_1_214' title='bbox 362 2458 570 2516; x_wconf 82' lang='lat' dir='ltr'><strong>nentes</strong></span> <span class='ocrx_word' id='word_1_215' title='bbox 596 2455 953 2516; x_wconf 86' lang='lat' dir='ltr'><strong>recentiores</strong></span> <span class='ocrx_word' id='word_1_216' title='bbox 981 2460 1121 2516; x_wconf 90' lang='lat' dir='ltr'><strong>sunt</strong></span> <span class='ocrx_word' id='word_1_217' title='bbox 1150 2458 1285 2516; x_wconf 90' lang='lat' dir='ltr'><strong>aliis</strong></span> <span class='ocrx_word' id='word_1_218' title='bbox 1314 2450 1450 2538; x_wconf 89' lang='lat' dir='ltr'><strong>(cfr.</strong></span> <span class='ocrx_word' id='word_1_219' title='bbox 1473 2456 1541 2517; x_wconf 85' lang='lat' dir='ltr'><strong>G.</strong></span> <span class='ocrx_word' id='word_1_220' title='bbox 1562 2459 1767 2534; x_wconf 83' lang='lat' dir='ltr'><strong>Meyer</strong></span> <span class='ocrx_word' id='word_1_221' title='bbox 1786 2456 2046 2516; x_wconf 84' lang='lat' dir='ltr'><strong>Gramm.</strong></span> <span class='ocrx_word' id='word_1_222' title='bbox 2066 2457 2267 2532; x_wconf 85' lang='lat' dir='ltr'><strong>p.634</strong></span> <span class='ocrx_word' id='word_1_223' title='bbox 2278 2447 2400 2534; x_wconf 81' lang='lat' dir='ltr'><strong>sq.)</strong></span> 
     </span>
     <span class='ocr_line' id='line_1_26' title="bbox 360 2542 2397 2623; baseline 0 -20"><span class='ocrx_word' id='word_1_224' title='bbox 360 2549 423 2603; x_wconf 90' lang='grc'><strong>81</strong></span> <span class='ocrx_word' id='word_1_225' title='bbox 467 2545 694 2605; x_wconf 85' lang='lat' dir='ltr'><strong>formae</strong></span> <span class='ocrx_word' id='word_1_226' title='bbox 739 2545 1039 2623; x_wconf 89' lang='lat' dir='ltr'><strong>longiores</strong></span> <span class='ocrx_word' id='word_1_227' title='bbox 1094 2545 1170 2603; x_wconf 89' lang='lat' dir='ltr'><strong>ab</strong></span> <span class='ocrx_word' id='word_1_228' title='bbox 1220 2542 1461 2619; x_wconf 80' lang='grc' dir='ltr'>ἕστηκα</span> <span class='ocrx_word' id='word_1_229' title='bbox 1515 2547 1817 2606; x_wconf 80' lang='lat' dir='ltr'><strong>derivatas</strong></span> <span class='ocrx_word' id='word_1_230' title='bbox 1862 2546 2158 2622; x_wconf 83' lang='lat' dir='ltr'><strong>paulatim</strong></span> <span class='ocrx_word' id='word_1_231' title='bbox 2203 2545 2397 2604; x_wconf 84' lang='lat' dir='ltr'><strong>brevi·</strong></span> 
     </span>
     <span class='ocr_line' id='line_1_27' title="bbox 358 2635 2400 2712; baseline -0.001 -19"><span class='ocrx_word' id='word_1_232' title='bbox 358 2652 491 2693; x_wconf 91' lang='lat' dir='ltr'><strong>ores</strong></span> <span class='ocrx_word' id='word_1_233' title='bbox 554 2637 965 2711; x_wconf 89' lang='lat' dir='ltr'><strong>represserunt</strong></span> <span class='ocrx_word' id='word_1_234' title='bbox 1037 2635 1184 2694; x_wconf 90' lang='lat' dir='ltr'><strong>adeo</strong></span> <span class='ocrx_word' id='word_1_235' title='bbox 1259 2637 1328 2694; x_wconf 92' lang='lat' dir='ltr'><strong>ut</strong></span> <span class='ocrx_word' id='word_1_236' title='bbox 1400 2637 1819 2712; x_wconf 88' lang='lat' dir='ltr'><strong>inscriptiones</strong></span> <span class='ocrx_word' id='word_1_237' title='bbox 1891 2636 2131 2695; x_wconf 91' lang='lat' dir='ltr'><strong>Atticae</strong></span> <span class='ocrx_word' id='word_1_238' title='bbox 2197 2635 2400 2710; x_wconf 86' lang='lat' dir='ltr'><strong>quarti</strong></span> 
     </span>
     <span class='ocr_line' id='line_1_28' title="bbox 360 2714 2395 2800; baseline -0.001 -19"><span class='ocrx_word' id='word_1_239' title='bbox 360 2742 413 2781; x_wconf 90' lang='lat' dir='ltr'><strong>a.</strong></span> <span class='ocrx_word' id='word_1_240' title='bbox 463 2722 596 2783; x_wconf 85' lang='lat' dir='ltr'><strong>Chr.</strong></span> <span class='ocrx_word' id='word_1_241' title='bbox 671 2724 892 2783; x_wconf 89' lang='lat' dir='ltr'><strong>saeculi</strong></span> <span class='ocrx_word' id='word_1_242' title='bbox 956 2724 1095 2784; x_wconf 89' lang='lat' dir='ltr'><strong>illas</strong></span> <span class='ocrx_word' id='word_1_243' title='bbox 1160 2726 1318 2784; x_wconf 88' lang='lat' dir='ltr'><strong>solas</strong></span> <span class='ocrx_word' id='word_1_244' title='bbox 1385 2725 1608 2784; x_wconf 86' lang='lat' dir='ltr'><strong>formas</strong></span> <span class='ocrx_word' id='word_1_245' title='bbox 1665 2724 1835 2783; x_wconf 88' lang='lat' dir='ltr'><strong>nobis</strong></span> <span class='ocrx_word' id='word_1_246' title='bbox 1892 2724 2216 2800; x_wconf 89' lang='lat' dir='ltr'><strong>praebeant</strong></span> <span class='ocrx_word' id='word_1_247' title='bbox 2261 2714 2395 2800; x_wconf 85' lang='lat' dir='ltr'><strong>(cfr.</strong></span> 
     </span>
     <span class='ocr_line' id='line_1_29' title="bbox 363 2807 2398 2893; baseline -0.001 -23"><span class='ocrx_word' id='word_1_248' title='bbox 363 2812 761 2873; x_wconf 82' lang='lat' dir='ltr'><strong>Meisterhans</strong></span> <span class='ocrx_word' id='word_1_249' title='bbox 816 2833 873 2889; x_wconf 92' lang='lat' dir='ltr'><strong>p.</strong></span> <span class='ocrx_word' id='word_1_250' title='bbox 917 2807 1091 2893; x_wconf 83' lang='lat'><strong>152).</strong></span> <span class='ocrx_word' id='word_1_251' title='bbox 1192 2814 1328 2872; x_wconf 83' lang='lat' dir='ltr'><strong>vide</strong></span> <span class='ocrx_word' id='word_1_252' title='bbox 1384 2816 1565 2872; x_wconf 90' lang='lat' dir='ltr'><strong>etiam</strong></span> <span class='ocrx_word' id='word_1_253' title='bbox 1614 2814 1773 2889; x_wconf 90' lang='lat' dir='ltr'><strong>quod</strong></span> <span class='ocrx_word' id='word_1_254' title='bbox 1820 2814 1966 2873; x_wconf 89' lang='lat' dir='ltr'><strong>dicit</strong></span> <span class='ocrx_word' id='word_1_255' title='bbox 2013 2813 2107 2871; x_wconf 93' lang='lat' dir='ltr'><strong>W.</strong></span> <span class='ocrx_word' id='word_1_256' title='bbox 2155 2809 2398 2870; x_wconf 82' lang='lat' dir='ltr'><strong>Schmid</strong></span> 
     </span>
     <span class='ocr_line' id='line_1_30' title="bbox 361 2900 2401 2980; baseline -0.002 -20"><span class='ocrx_word' id='word_1_257' title='bbox 361 2900 706 2960; x_wconf 71' lang='lat' dir='ltr'><strong>Attici-smus</strong></span> <span class='ocrx_word' id='word_1_258' title='bbox 741 2901 831 2959; x_wconf 92' lang='lat' dir='ltr'><strong>IV</strong></span> <span class='ocrx_word' id='word_1_259' title='bbox 867 2922 926 2978; x_wconf 89' lang='lat' dir='ltr'><strong>p.</strong></span> <span class='ocrx_word' id='word_1_260' title='bbox 958 2904 1115 2963; x_wconf 85' lang='lat'>396:</span> <span class='ocrx_word' id='word_1_261' title='bbox 1153 2902 1301 2977; x_wconf 91' lang='lat' dir='ltr'><strong>„Die</strong></span> <span class='ocrx_word' id='word_1_262' title='bbox 1337 2904 1560 2962; x_wconf 84' lang='lat' dir='ltr'><strong>kurzen</strong></span> <span class='ocrx_word' id='word_1_263' title='bbox 1598 2903 1722 2961; x_wconf 89' lang='lat' dir='ltr'><strong>und</strong></span> <span class='ocrx_word' id='word_1_264' title='bbox 1758 2902 1853 2960; x_wconf 90' lang='lat' dir='ltr'><strong>die</strong></span> <span class='ocrx_word' id='word_1_265' title='bbox 1889 2902 2107 2980; x_wconf 91' lang='lat' dir='ltr'><strong>langen</strong></span> <span class='ocrx_word' id='word_1_266' title='bbox 2145 2901 2401 2960; x_wconf 84' lang='lat' dir='ltr'><strong>Formen</strong></span> 
     </span>
     <span class='ocr_line' id='line_1_31' title="bbox 357 2986 2404 3071; baseline 0 -24"><span class='ocrx_word' id='word_1_267' title='bbox 357 2990 462 3049; x_wconf 89' lang='lat' dir='ltr'><strong>des</strong></span> <span class='ocrx_word' id='word_1_268' title='bbox 521 2990 886 3051; x_wconf 86' lang='lat' dir='ltr'><strong>Perfectums</strong></span> <span class='ocrx_word' id='word_1_269' title='bbox 943 3011 1058 3051; x_wconf 90' lang='lat' dir='ltr'><strong>von</strong></span> <span class='ocrx_word' id='word_1_270' title='bbox 1114 2990 1376 3071; x_wconf 83' lang='grc' dir='ltr'>θνῄσκω</span> <span class='ocrx_word' id='word_1_271' title='bbox 1432 2992 1555 3071; x_wconf 85' lang='lat' dir='ltr'><strong>und</strong></span> <span class='ocrx_word' id='word_1_272' title='bbox 1608 2986 1827 3065; x_wconf 82' lang='grc' dir='ltr'>ἵστημι</span> <span class='ocrx_word' id='word_1_273' title='bbox 1884 2991 2100 3068; x_wconf 87' lang='lat' dir='ltr'><strong>gehen,</strong></span> <span class='ocrx_word' id='word_1_274' title='bbox 2155 2992 2269 3048; x_wconf 83' lang='lat' dir='ltr'><strong>wie</strong></span> <span class='ocrx_word' id='word_1_275' title='bbox 2316 2991 2404 3047; x_wconf 89' lang='lat' dir='ltr'><strong>im</strong></span> 
     </span>
     <span class='ocr_line' id='line_1_32' title="bbox 363 3077 2404 3155; baseline 0 -19"><span class='ocrx_word' id='word_1_276' title='bbox 363 3078 704 3155; x_wconf 88' lang='lat' dir='ltr'><strong>Attischen,</strong></span> <span class='ocrx_word' id='word_1_277' title='bbox 762 3099 826 3140; x_wconf 88' lang='lat' dir='ltr'><strong>so</strong></span> <span class='ocrx_word' id='word_1_278' title='bbox 873 3081 971 3139; x_wconf 90' lang='lat' dir='ltr'><strong>bei</strong></span> <span class='ocrx_word' id='word_1_279' title='bbox 1016 3081 1129 3140; x_wconf 91' lang='lat' dir='ltr'><strong>den</strong></span> <span class='ocrx_word' id='word_1_280' title='bbox 1178 3079 1646 3141; x_wconf 82' lang='lat' dir='ltr'><strong>Schriftstellern</strong></span> <span class='ocrx_word' id='word_1_281' title='bbox 1698 3081 1804 3139; x_wconf 89' lang='lat' dir='ltr'><strong>der</strong></span> <span class='ocrx_word' id='word_1_282' title='bbox 1850 3077 2030 3152; x_wconf 88' lang='grc' dir='ltr'>κοινή</span> <span class='ocrx_word' id='word_1_283' title='bbox 2080 3124 2092 3137; x_wconf 94' lang='grc'>.</span> <span class='ocrx_word' id='word_1_284' title='bbox 2128 3126 2138 3136; x_wconf 93' lang='grc'>.</span> <span class='ocrx_word' id='word_1_285' title='bbox 2173 3124 2185 3136; x_wconf 93' lang='grc'>.</span> <span class='ocrx_word' id='word_1_286' title='bbox 2217 3125 2228 3137; x_wconf 95' lang='grc'>.</span> <span class='ocrx_word' id='word_1_287' title='bbox 2277 3078 2404 3137; x_wconf 88' lang='grc'>1111(1</span> 
     </span>
     <span class='ocr_line' id='line_1_33' title="bbox 357 3167 2404 3242; baseline -0.001 -16"><span class='ocrx_word' id='word_1_288' title='bbox 357 3168 475 3227; x_wconf 89' lang='grc'>(1811</span> <span class='ocrx_word' id='word_1_289' title='bbox 522 3168 846 3228; x_wconf 84' lang='grc' dir='ltr'>Α1118181811</span> <span class='ocrx_word' id='word_1_290' title='bbox 894 3168 1369 3229; x_wconf 86' lang='lat' dir='ltr'><strong>nebeneinander</strong></span> <span class='ocrx_word' id='word_1_291' title='bbox 1412 3170 1571 3230; x_wconf 87' lang='lat' dir='ltr'><strong>her.“</strong></span> <span class='ocrx_word' id='word_1_292' title='bbox 1647 3173 1708 3228; x_wconf 90' lang='lat' dir='ltr'><strong>et</strong></span> <span class='ocrx_word' id='word_1_293' title='bbox 1755 3168 1824 3229; x_wconf 80' lang='lat' dir='ltr'><strong>G.</strong></span> <span class='ocrx_word' id='word_1_294' title='bbox 1865 3168 2152 3242; x_wconf 85' lang='lat' dir='ltr'><strong>Schmidt,</strong></span> <span class='ocrx_word' id='word_1_295' title='bbox 2187 3167 2404 3227; x_wconf 80' lang='lat' dir='ltr'><strong>Jahrb.</strong></span> 
     </span>
     <span class='ocr_line' id='line_1_34' title="bbox 355 3257 2405 3335; baseline -0.001 -20"><span class='ocrx_word' id='word_1_296' title='bbox 355 3258 403 3330; x_wconf 82' lang='lat' dir='ltr'><strong>f.</strong></span> <span class='ocrx_word' id='word_1_297' title='bbox 441 3258 618 3317; x_wconf 78' lang='lat' dir='ltr'><strong>klass.</strong></span> <span class='ocrx_word' id='word_1_298' title='bbox 654 3258 860 3317; x_wconf 79' lang='lat' dir='ltr'><strong>Philol.</strong></span> <span class='ocrx_word' id='word_1_299' title='bbox 901 3258 1108 3335; x_wconf 84' lang='lat' dir='ltr'><strong>Suppl.</strong></span> <span class='ocrx_word' id='word_1_300' title='bbox 1137 3260 1191 3317; x_wconf 93' lang='lat' dir='ltr'>X</span> <span class='ocrx_word' id='word_1_301' title='bbox 1219 3279 1276 3335; x_wconf 92' lang='lat' dir='ltr'><strong>p.</strong></span> <span class='ocrx_word' id='word_1_302' title='bbox 1309 3261 1434 3318; x_wconf 90' lang='grc'><strong>481</strong></span> <span class='ocrx_word' id='word_1_303' title='bbox 1479 3260 1550 3319; x_wconf 89' lang='grc'><strong>(18</strong></span> <span class='ocrx_word' id='word_1_304' title='bbox 1587 3259 1799 3317; x_wconf 84' lang='lat' dir='ltr'><strong>Flavio</strong></span> <span class='ocrx_word' id='word_1_305' title='bbox 1838 3257 2100 3334; x_wconf 85' lang='lat' dir='ltr'><strong>Josepho</strong></span> <span class='ocrx_word' id='word_1_306' title='bbox 2138 3257 2405 3315; x_wconf 84' lang='lat' dir='ltr'><strong>locutus:</strong></span> 
     </span>
     <span class='ocr_line' id='line_1_35' title="bbox 357 3345 2406 3424; baseline -0 -20"><span class='ocrx_word' id='word_1_307' title='bbox 357 3346 469 3421; x_wconf 92' lang='lat' dir='ltr'><strong>„In</strong></span> <span class='ocrx_word' id='word_1_308' title='bbox 536 3347 1110 3424; x_wconf 80' lang='lat' dir='ltr'><strong>plusquamperfecti</strong></span> <span class='ocrx_word' id='word_1_309' title='bbox 1173 3348 1501 3408; x_wconf 83' lang='lat' dir='ltr'><strong>indicativo</strong></span> <span class='ocrx_word' id='word_1_310' title='bbox 1566 3350 1794 3407; x_wconf 87' lang='lat' dir='ltr'><strong>formae</strong></span> <span class='ocrx_word' id='word_1_311' title='bbox 1857 3347 2159 3424; x_wconf 88' lang='lat' dir='ltr'><strong>longiores</strong></span> <span class='ocrx_word' id='word_1_312' title='bbox 2223 3345 2406 3422; x_wconf 91' lang='lat' dir='ltr'><strong>longe</strong></span> 
     </span>
     <span class='ocr_line' id='line_1_36' title="bbox 359 3435 2405 3511; baseline -0 -19"><span class='ocrx_word' id='word_1_313' title='bbox 359 3435 748 3511; x_wconf 85' lang='lat' dir='ltr'><strong>praevalent“</strong></span> <span class='ocrx_word' id='word_1_314' title='bbox 814 3440 875 3497; x_wconf 91' lang='lat' dir='ltr'><strong>et</strong></span> <span class='ocrx_word' id='word_1_315' title='bbox 949 3437 1188 3496; x_wconf 88' lang='lat' dir='ltr'><strong>Winer-</strong></span> <span class='ocrx_word' id='word_1_316' title='bbox 1204 3437 1563 3510; x_wconf 85' lang='lat' dir='ltr'><strong>Schmiedel,</strong></span> <span class='ocrx_word' id='word_1_317' title='bbox 1632 3437 1897 3496; x_wconf 81' lang='lat' dir='ltr'><strong>Gramm.</strong></span> <span class='ocrx_word' id='word_1_318' title='bbox 1953 3437 2008 3494; x_wconf 82' lang='lat' dir='ltr'><strong>d.</strong></span> <span class='ocrx_word' id='word_1_319' title='bbox 2063 3438 2405 3494; x_wconf 65' lang='lat' dir='ltr'><strong>nemesium.</strong></span> 
     </span>
     <span class='ocr_line' id='line_1_37' title="bbox 356 3520 2409 3602; baseline -0.001 -20"><span class='ocrx_word' id='word_1_320' title='bbox 356 3524 799 3597; x_wconf 74' lang='lat' dir='ltr'><strong>Spraehidioms</strong></span> <span class='ocrx_word' id='word_1_321' title='bbox 853 3524 892 3601; x_wconf 66' lang='grc' dir='ltr'><strong>ξ</strong></span> <span class='ocrx_word' id='word_1_322' title='bbox 936 3529 1043 3601; x_wconf 89' lang='grc'><strong>14,</strong></span> <span class='ocrx_word' id='word_1_323' title='bbox 1077 3526 1143 3585; x_wconf 80' lang='lat'><strong>5:</strong></span> <span class='ocrx_word' id='word_1_324' title='bbox 1199 3528 1361 3602; x_wconf 89' lang='lat' dir='ltr'><strong>„Das</strong></span> <span class='ocrx_word' id='word_1_325' title='bbox 1416 3526 1572 3585; x_wconf 80' lang='lat' dir='ltr'><strong>Pers.</strong></span> <span class='ocrx_word' id='word_1_326' title='bbox 1629 3545 1747 3585; x_wconf 85' lang='lat' dir='ltr'><strong>von</strong></span> <span class='ocrx_word' id='word_1_327' title='bbox 1802 3520 2060 3584; x_wconf 80' lang='grc' dir='ltr'>ἱστάναι</span> <span class='ocrx_word' id='word_1_328' title='bbox 2117 3525 2274 3601; x_wconf 88' lang='lat' dir='ltr'><strong>zeigt</strong></span> <span class='ocrx_word' id='word_1_329' title='bbox 2317 3524 2409 3580; x_wconf 90' lang='lat' dir='ltr'><strong>im</strong></span> 
     </span>
     <span class='ocr_line' id='line_1_38' title="bbox 358 3608 2407 3689; baseline -0 -17"><span class='ocrx_word' id='word_1_330' title='bbox 358 3611 662 3673; x_wconf 79' lang='lat' dir='ltr'><strong>Indicativ</strong></span> <span class='ocrx_word' id='word_1_331' title='bbox 698 3616 795 3675; x_wconf 89' lang='lat' dir='ltr'><strong>nie</strong></span> <span class='ocrx_word' id='word_1_332' title='bbox 832 3615 930 3674; x_wconf 92' lang='lat' dir='ltr'><strong>die</strong></span> <span class='ocrx_word' id='word_1_333' title='bbox 965 3616 1255 3688; x_wconf 79' lang='lat' dir='ltr'><strong>kiirzeren</strong></span> <span class='ocrx_word' id='word_1_334' title='bbox 1292 3615 1547 3674; x_wconf 86' lang='lat' dir='ltr'><strong>Formen</strong></span> <span class='ocrx_word' id='word_1_335' title='bbox 1586 3610 1882 3689; x_wconf 80' lang='grc' dir='ltr'>ἕσταμεν,</span> <span class='ocrx_word' id='word_1_336' title='bbox 1924 3609 2175 3683; x_wconf 82' lang='grc' dir='ltr'>ἕστατε,</span> <span class='ocrx_word' id='word_1_337' title='bbox 2214 3608 2407 3672; x_wconf 85' lang='grc' dir='ltr'>ἑστᾶ-</span> 
     </span>
    </p>
   </div>
   <div class='ocr_carea' id='block_1_3' title="bbox 2683 2038 2685 2562">
    <p class='ocr_par' dir='ltr' id='par_1_4' title="bbox 2683 2038 2685 2562">
     <span class='ocr_line' id='line_1_39' title="bbox 2683 2038 2685 2562; baseline 0 0"><span class='ocrx_word' id='word_1_338' title='bbox 2683 2038 2685 2562; x_wconf 95' lang='lat' dir='ltr'><strong> </strong></span> 
     </span>
    </p>
   </div>
  </div>
 </body>
</html>
