2693 4100
940 278 1005 285 —
1081 242 1453 300 XXXIII—

306 412 607 477 Judaeum
662 419 722 473 et
776 415 927 474 alios
984 416 1301 490 scriptores
1349 416 1616 492 vulgaris
1663 419 1977 492 sermonis,
2032 421 2102 477 ut
2144 420 2211 477 in

188 527 193 531 ·
264 506 423 563 'NT
470 505 626 564 Acta
669 504 879 580 Apost.
931 505 990 579 3,
1023 505 1077 563 7.
1965 528 1968 529 ⁷

174 591 604 669 διαβαίνειν
653 589 746 667 εἴς
795 604 938 653 τινα
983 612 1092 668 pro
1142 590 1381 667 διήκειν
1430 587 1753 675 (pertinere
1798 597 1879 655 ad
1924 587 2206 678 abiqaem)

304 685 375 742 fr.
404 683 467 742 H
514 684 624 742 col.
652 682 707 739 V
739 685 795 742 9.
866 684 993 742 cfr.
1038 682 1126 740 ibi
1172 682 1637 742 adnotationem.

174 769 719 857 ἑλάχιστιαῖος
746 773 818 830 fr.
845 771 910 830 H
947 772 1056 831 col.
1085 771 1173 829 VI
1205 775 1303 830 12.
1354 774 1427 831 de
1453 773 1700 833 vocibus
1733 774 1797 832 in
1828 776 2026 849 -ιαῑος
2056 776 2206 835 desi-

190 882 194 886 ·
303 861 601 937 nentibu8‚
630 881 884 947 quarum
911 866 1114 920 tamen
1143 863 1326 937 stirps
1357 864 1624 921 vocalem
1663 880 1682 922 ι
1719 882 1839 923 non
1866 864 2063 940 habet,
2100 866 2205 924 cfr.

205 986 210 990 -
303 952 646 1026 Mayserum
685 943 951 1010 Gramm.
980 952 1035 1010 d.
1060 953 1272 1025 yriech.
1302 952 1449 1024 Pap.
1481 954 1535 1012 d.
1563 952 1937 1014 Ptolemderz.
1966 974 2023 1030 p.
2056 955 2204 1030 448,

181 1062 185 1067 ·
300 1027 410 1116 qu'i
438 1040 746 1116 complura
774 1040 1047 1116 exempla
1065 1040 1342 1100 vocabuli
1363 1039 1673 1115 μηνιαῖος,
1697 1041 1856 1117 quod
1874 1044 2099 1101 semel
2083 1063 2205 1102 iam

208 1142 235 1156 ·’
303 1129 379 1188 ab
416 1130 712 1205 Aeschylo
760 1129 1079 1188 adhibetur
1126 1128 1330 1206 Suppl.
1374 1131 1521 1205 226,
1563 1149 1633 1188 ex
1669 1133 1916 1232 papyris
1956 1132 2206 1191 collecta

303 1222 627 1292 enumerat,
658 1221 720 1277 et
748 1219 1116 1277 Schmidium
1143 1219 1183 1277 l.
1205 1237 1250 1277 c.
1279 1219 1369 1278 IV
1395 1240 1453 1295 p.
1490 1222 1524 1278 7
1530 1222 1641 1295 00,
1681 1221 1787 1295 qui
1826 1241 1896 1279 ex
1932 1220 2203 1281 Luciano

302 1306 477 1368 notat
503 1308 798 1367 vocabula
837 1304 1322 1382 ἑπταμηνιαῖος,
1364 1308 1807 1382 κολοσσιαῖος,
1847 1310 2201 1384 κυαμιαῖος.

305 1396 417 1480 hoc
462 1400 666 1456 tamen
702 1397 951 1457 verbum
991 1393 1428 1472 ἑλαχιστιαῑος
1468 1419 1498 1457 e
1536 1398 1905 1473 superlativo
1943 1399 2204 1460 derivari

303 1488 488 1544 etiam
515 1487 709 1564 magis
738 1489 958 1545 mirum
991 1489 1108 1560 est3
1155 1506 1525 1563 quamquam
1565 1487 1929 1547 considerari
1968 1491 2204 1564 oportet

298 1576 728 1650 posterioribus
783 1575 1152 1651 temporibus
1217 1579 1381 1636 vocis
1443 1574 1790 1650 ἐλάχιστος
1846 1579 2203 1652 superlativi

298 1667 423 1723 vim
471 1665 618 1724 adeo
666 1667 1002 1740 evanuisse,
1047 1667 1117 1722 ut
1163 1682 1233 1722 ex
1281 1682 1353 1723 ea
1400 1668 1843 1743 comparativus
1892 1670 1953 1725 et
1999 1684 2201 1742 super-

297 1749 525 1813 Iaffivus
574 1750 1100 1828 ἑλαχιστότερος,
1149 1749 1656 1828 ἑλαχιστότατος
1703 1756 2093 1815 derivaretur.

164 1837 674 1917 ἐξοφθάλμως
720 1844 792 1902 fr.
820 1833 1077 1903 XXXVI
1114 1843 1222 1902 col.
1252 1842 1315 1902 II
1349 1845 1447 1903 13.
1517 1846 1677 1920 apud
1716 1845 2049 1919 Platonem,
2084 1845 2200 1903 Xe-

296 1924 679 2007 nophontem,
721 1933 1110 1991 Aristotelem
1149 1928 1560 2008 ἑξόφθαλμος
1609 1934 1951 2010 'appellatur
1984 1935 2056 2008 is,
2095 1935 2201 2011 qui

296 2021 500 2081 oculos
537 2022 943 2098 prominentes
979 2021 1177 2081 habet.
1251 2022 1407 2082 hanc
1452 2026 1653 2083 tamen
1701 2023 2199 2103 significationem

295 2113 646 2185 manifestus
676 2122 811 2170 ‘non
849 2111 1032 2171 habet
1068 2112 1188 2171 nisi
1224 2112 1386 2188 apud
1422 2113 1744 2189 Polybium
1785 2119 1842 2188 1,
1876 2115 1976 2188 10,
2007 2115 2043 2171 3
2094 2110 2199 2173 διὰ

172 2233 176 2238 ·
294 2190 372 2259 τὸ
403 2200 618 2260 δοκεῖν
648 2197 1062 2276 ἑξόφθαλμον
1091 2195 1253 2261 εἶναι
1281 2199 1401 2274 τὴν
1432 2196 1704 2274 ἀλογίαν
1733 2202 1847 2276 τῆς
1881 2200 2196 2277 βοηθείας.

162 2285 514 2364 ἐπαίρειν
563 2283 799 2350 ἑαυτὸν
849 2287 953 2350 ἐπί
998 2306 1119 2350 τινι
1167 2290 1238 2348 fr.
1268 2289 1464 2349 LXIV
1502 2292 1612 2351 col.
1642 2291 1674 2349 I
1702 2292 1740 2350 8
1787 2292 1970 2351 habet
2014 2291 2198 2370 signi-

293 2377 634 2437 ficationem
691 2376 951 2455 eriyendi
1014 2382 1082 2437 ut
1134 2381 1279 2438 bono
1344 2383 1541 2439 animo
1596 2383 1680 2439 sis
1732 2381 1805 2440 de
1858 2382 2063 2454 aliqua
2115 2399 2197 2457 re,

295 2466 557 2541 θαρρεῖν
615 2463 805 2528 ἕνεκά
861 2485 1056 2541 τινος.
1150 2469 1311 2544 apud
1366 2470 1519 2528 alios
1575 2471 1894 2545 scriptores
1941 2489 2062 2529 non
2105 2471 2196 2527 in-

291 2556 533 2614 venitur
577 2560 639 2615 et
685 2553 1062 2631 ἑπαίρεσθαῑ
1110 2550 1276 2616 aliud
1321 2558 1636 2636 significat.

156 2641 577 2719 ἐφιστάναι
633 2643 756 2707 τινί
801 2647 873 2705 fr.
911 2646 1108 2705 XXIV
1155 2648 1265 2705 col.
1293 2646 1389 2705 III
1431 2650 1513 2706 10
1560 2651 1827 2707 animum
1872 2647 2197 2708 convertere

290 2736 357 2792 in
404 2736 642 2807 aliquid.
738 2732 1084 2809 ἐπιστῆσαι
1141 2735 1415 2795 absolute
1471 2737 1700 2796 dictum
1750 2756 1820 2796 ex
1868 2736 2194 2796 Aristotele

289 2834 471 2898 'saepe
544 2827 718 2883 notat
780 2825 1023 2898 Bonitz,
1097 2825 1281 2884 semel
1345 2825 1529 2884 etiam
1602 2845 1736 2885 cum
1800 2826 2006 2885 dativo
2071 2822 2194 2885 τινί

178 2913 183 2917 ’
292 2911 654 2971 Pseudarist.
711 2931 774 2973 π.
838 2910 1087 2989 κόσμου
1150 2917 1182 2972 1
1241 2933 1298 2989 p.
1352 2916 1529 2974 391a
1572 2916 1672 2976 26.
1763 2914 2192 2989 posterioribus

189 3019 193 3024 ·
290 3001 659 3076 temporibus
704 3021 822 3060 non
869 3003 1129 3062 insolens
1176 3007 1280 3062 est.

152 3084 316 3160 ἥδω
364 3090 435 3148 fr.
465 3090 661 3149 XXIX
708 3092 816 3149 col.
846 3090 877 3148 I
911 3094 1010 3151 13.
1102 3110 1217 3151 vox
1264 3091 1425 3167 apud
1472 3093 1788 3168 scriptores
1843 3092 2191 3167 posterioris

289 3170 509 3237 aetatis
555 3199 675 3239 non
719 3182 1038 3253 inusitata,
1083 3185 1155 3239 ut
1200 3182 1361 3256 apud
1397 3181 1762 3257 Musonium,
1809 3178 2190 3255 Pseudoplat.

19 3269 39 3308 Ρ
287 3267 640 3342 Axiochum,
659 3269 996 3344 Aelianum,
1018 3268 1198 3329 Clem.
1219 3270 1407 3344 Alex„
1427 3271 1595 3345 alioS,
1616 3271 1688 3328 cf.
1709 3270 1802 3328 W:
1820 3269 2192 3330 Schmidium

292 3356 332 3413 1.
364 3375 409 3415 c.
458 3356 550 3415 III
586 3377 643 3433 p.
683 3360 827 3418 200.
892 3362 1045 3418 teste
1082 3359 1324 3418 Polluce
1362 3358 1457 3418 III
1486 3360 1567 3418 98
1615 3358 1863 3418 verbum
1910 3358 1985 3417 ab
2030 3358 2181 3416 Ioni·

288 3444 418 3520 bus,
463 3448 759 3522 imprimis
808 3447 882 3506 ab
928 3441 1303 3507 Anacreonte
1348 3451 1706 3523 usurpatum
1752 3451 1858 3507 est.

149 3530 535 3608 θνητότης
599 3538 924 3595 mortalitas
990 3539 1062 3595 fr.
1110 3533 1308 3596 LXIII
1372 3538 1482 3597 col.
1519 3537 1607 3595 IV
1645 3539 1685 3596 4
1743 3539 1804 3596 et
1857 3538 1929 3595 fr.
1967 3535 2190 3594 XXXV

148 3655 151 3658 ·
282 3621 522 3682 *001.111
553 3625 608 3683 3.
702 3626 806 3685 cfr.
852 3625 1046 3684 Praef.
1093 3647 1150 3702 p.
1179 3626 1424 3684 XXVII.
1825 3661 1829 3668 »

255 3729 501 3774 Ὡῐοῦιιπε
529 3731 900 3776 ΟΒΠΟΔῺΠΒΙΒ
927 3735 1186 3785 fragmenta
1214 3736 1282 3775 ed.
1313 3736 1374 3775 W
1382 3737 1478 3775 illi
1489 3748 1516 3774 a
1525 3746 1583 3774 m.
1837 3742 1866 3776 c
