<?xml version="1.0" encoding="UTF-8"?>
<!DOCTYPE html PUBLIC "-//W3C//DTD XHTML 1.0 Transitional//EN"
    "http://www.w3.org/TR/xhtml1/DTD/xhtml1-transitional.dtd">
<html xmlns="http://www.w3.org/1999/xhtml" xml:lang="en" lang="en">
 <head>
  <title>
</title>
<meta http-equiv="Content-Type" content="text/html;charset=utf-8" />
  <meta name='ocr-system' content='tesseract 3.04.00' />
  <meta name='ocr-capabilities' content='ocr_page ocr_carea ocr_par ocr_line ocrx_word'/>
</head>
<body>
  <div class='ocr_page' id='page_1' title='image "./diogenisoenoand00oenogoog_0154.png"; bbox 0 0 2693 4100; ppageno 0'>
   <div class='ocr_carea' id='block_1_1' title="bbox 1213 258 1704 323">
    <p class='ocr_par' dir='ltr' id='par_1_1' title="bbox 1213 258 1704 323">
     <span class='ocr_line' id='line_1_1' title="bbox 1213 258 1704 323; baseline 0 -17"><span class='ocrx_word' id='word_1_1' title='bbox 1213 258 1704 323; x_wconf 57' lang='lat'>-104—</span> 
     </span>
    </p>
   </div>
   <div class='ocr_carea' id='block_1_2' title="bbox 438 400 2484 843">
    <p class='ocr_par' dir='ltr' id='par_1_2' title="bbox 438 400 2484 843">
     <span class='ocr_line' id='line_1_2' title="bbox 585 400 2484 488; baseline 0.001 -17"><span class='ocrx_word' id='word_1_2' title='bbox 585 418 668 472; x_wconf 77' lang='lat' dir='ltr'><strong>fr·</strong></span> <span class='ocrx_word' id='word_1_3' title='bbox 695 416 902 471; x_wconf 86' lang='lat' dir='ltr'>LXXI</span> <span class='ocrx_word' id='word_1_4' title='bbox 938 415 1042 471; x_wconf 92' lang='lat' dir='ltr'><strong>col.</strong></span> <span class='ocrx_word' id='word_1_5' title='bbox 1070 416 1095 468; x_wconf 95' lang='lat' dir='ltr'>I</span> <span class='ocrx_word' id='word_1_6' title='bbox 1133 415 1215 470; x_wconf 87' lang='lat' dir='ltr'><strong>sic</strong></span> <span class='ocrx_word' id='word_1_7' title='bbox 1249 415 1547 488; x_wconf 76' lang='lat' dir='ltr'>intellego,</span> <span class='ocrx_word' id='word_1_8' title='bbox 1602 417 1752 471; x_wconf 90' lang='lat' dir='ltr'><strong>inter</strong></span> <span class='ocrx_word' id='word_1_9' title='bbox 1788 415 1929 470; x_wconf 87' lang='lat' dir='ltr'><strong>alias</strong></span> <span class='ocrx_word' id='word_1_10' title='bbox 1968 416 2275 471; x_wconf 73' lang='lat' dir='ltr'><strong>senectutis</strong></span> <span class='ocrx_word' id='word_1_11' title='bbox 2311 400 2484 472; x_wconf 82' lang='lat' dir='ltr'><strong>mole-</strong></span> 
     </span>
     <span class='ocr_line' id='line_1_3' title="bbox 441 487 2481 557; baseline 0 -15"><span class='ocrx_word' id='word_1_12' title='bbox 441 490 581 543; x_wconf 88' lang='lat' dir='ltr'><strong>stias</strong></span> <span class='ocrx_word' id='word_1_13' title='bbox 618 487 927 543; x_wconf 79' lang='lat' dir='ltr'><strong>adversarii</strong></span> <span class='ocrx_word' id='word_1_14' title='bbox 965 489 1139 542; x_wconf 82' lang='lat' dir='ltr'><strong>etiam</strong></span> <span class='ocrx_word' id='word_1_15' title='bbox 1176 488 1553 543; x_wconf 89' lang='lat' dir='ltr'><strong>membrorum</strong></span> <span class='ocrx_word' id='word_1_16' title='bbox 1590 489 1925 543; x_wconf 73' lang='lat' dir='ltr'><strong>tarditatem</strong></span> <span class='ocrx_word' id='word_1_17' title='bbox 1953 487 2282 542; x_wconf 87' lang='lat' dir='ltr'><strong>attulerunt</strong></span> <span class='ocrx_word' id='word_1_18' title='bbox 2341 505 2481 557; x_wconf 90' lang='lat' dir='ltr'><strong>quos</strong></span> 
     </span>
     <span class='ocr_line' id='line_1_4' title="bbox 440 559 2482 630; baseline 0 -17"><span class='ocrx_word' id='word_1_19' title='bbox 440 563 506 614; x_wconf 91' lang='grc' dir='ltr'><strong>ιιι</strong></span> <span class='ocrx_word' id='word_1_20' title='bbox 550 560 787 626; x_wconf 83' lang='lat' dir='ltr'><strong>refutet,</strong></span> <span class='ocrx_word' id='word_1_21' title='bbox 843 559 1083 628; x_wconf 80' lang='lat' dir='ltr'><strong>scriptor</strong></span> <span class='ocrx_word' id='word_1_22' title='bbox 1133 559 1299 614; x_wconf 89' lang='lat' dir='ltr'><strong>dicit:</strong></span> <span class='ocrx_word' id='word_1_23' title='bbox 1356 560 1408 614; x_wconf 77' lang='lat' dir='ltr'><strong>ei</strong></span> <span class='ocrx_word' id='word_1_24' title='bbox 1452 561 1797 630; x_wconf 77' lang='lat' dir='ltr'><strong>elephantum</strong></span> <span class='ocrx_word' id='word_1_25' title='bbox 1847 591 1908 599; x_wconf 88' lang='lat'><em>-</em></span> <span class='ocrx_word' id='word_1_26' title='bbox 1957 577 2091 615; x_wconf 77' lang='lat' dir='ltr'><strong>nam</strong></span> <span class='ocrx_word' id='word_1_27' title='bbox 2137 562 2190 615; x_wconf 83' lang='lat' dir='ltr'><strong>ei</strong></span> <span class='ocrx_word' id='word_1_28' title='bbox 2230 562 2482 614; x_wconf 78' lang='lat' dir='ltr'><strong>maxima</strong></span> 
     </span>
     <span class='ocr_line' id='line_1_5' title="bbox 441 632 2481 701; baseline -0 -15"><span class='ocrx_word' id='word_1_29' title='bbox 441 634 582 686; x_wconf 73' lang='lat' dir='ltr'><strong>inest</strong></span> <span class='ocrx_word' id='word_1_30' title='bbox 616 633 975 687; x_wconf 83' lang='lat' dir='ltr'><strong>membrorwm</strong></span> <span class='ocrx_word' id='word_1_31' title='bbox 1012 632 1358 686; x_wconf 78' lang='lat' dir='ltr'><strong>tarditae—</strong></span> <span class='ocrx_word' id='word_1_32' title='bbox 1395 639 1619 701; x_wconf 69' lang='lat' dir='ltr'><strong>propter</strong></span> <span class='ocrx_word' id='word_1_33' title='bbox 1664 633 1983 687; x_wconf 80' lang='lat' dir='ltr'><strong>tarditatem</strong></span> <span class='ocrx_word' id='word_1_34' title='bbox 2019 633 2186 686; x_wconf 66' lang='lat' dir='ltr'><strong>etta-m</strong></span> <span class='ocrx_word' id='word_1_35' title='bbox 2221 632 2481 686; x_wconf 75' lang='lat' dir='ltr'><strong>miserum</strong></span> 
     </span>
     <span class='ocr_line' id='line_1_6' title="bbox 438 702 2479 828; baseline -0.001 -70"><span class='ocrx_word' id='word_1_36' title='bbox 438 719 571 828; x_wconf 38' lang='lat' dir='ltr'><strong>&amp;sled</strong></span> <span class='ocrx_word' id='word_1_37' title='bbox 583 705 791 827; x_wconf 62' lang='grc' dir='ltr'><strong>υοῑῗκηι,</strong></span> <span class='ocrx_word' id='word_1_38' title='bbox 828 709 945 758; x_wconf 78' lang='lat' dir='ltr'><strong>tum</strong></span> <span class='ocrx_word' id='word_1_39' title='bbox 981 705 1060 757; x_wconf 78' lang='lat' dir='ltr'><strong>eis</strong></span> <span class='ocrx_word' id='word_1_40' title='bbox 1095 703 1422 757; x_wconf 76' lang='lat' dir='ltr'><strong>eredendum</strong></span> <span class='ocrx_word' id='word_1_41' title='bbox 1458 709 1550 758; x_wconf 74' lang='lat' dir='ltr'><strong>eet.</strong></span> <span class='ocrx_word' id='word_1_42' title='bbox 1623 703 1797 757; x_wconf 85' lang='lat' dir='ltr'><strong>verba</strong></span> <span class='ocrx_word' id='word_1_43' title='bbox 1833 705 2026 757; x_wconf 87' lang='lat' dir='ltr'><strong>tamen</strong></span> <span class='ocrx_word' id='word_1_44' title='bbox 2070 702 2331 772; x_wconf 84' lang='lat' dir='ltr'><strong>suppleta</strong></span> <span class='ocrx_word' id='word_1_45' title='bbox 2366 719 2479 756; x_wconf 90' lang='lat' dir='ltr'><strong>non</strong></span> 
     </span>
     <span class='ocr_line' id='line_1_7' title="bbox 575 777 887 843; baseline 0.003 -15"><span class='ocrx_word' id='word_1_46' title='bbox 575 791 605 828; x_wconf 91' lang='lat' dir='ltr'><strong>e</strong></span> <span class='ocrx_word' id='word_1_47' title='bbox 641 792 680 843; x_wconf 89' lang='lat' dir='ltr'>p</span> <span class='ocrx_word' id='word_1_48' title='bbox 707 777 887 829; x_wconf 87' lang='lat' dir='ltr'><strong>acent</strong></span> 
     </span>
    </p>
   </div>
   <div class='ocr_carea' id='block_1_3' title="bbox 438 880 2478 1308">
    <p class='ocr_par' dir='ltr' id='par_1_3' title="bbox 438 880 2478 1308">
     <span class='ocr_line' id='line_1_8' title="bbox 584 880 2478 964; baseline -0.002 -29"><span class='ocrx_word' id='word_1_49' title='bbox 584 881 688 936; x_wconf 87' lang='lat' dir='ltr'><strong>col.</strong></span> <span class='ocrx_word' id='word_1_50' title='bbox 718 881 770 934; x_wconf 92' lang='lat'><strong>11</strong></span> <span class='ocrx_word' id='word_1_51' title='bbox 805 900 856 936; x_wconf 85' lang='lat' dir='ltr'><strong>v.</strong></span> <span class='ocrx_word' id='word_1_52' title='bbox 886 888 921 934; x_wconf 81' lang='lat'>4</span> <span class='ocrx_word' id='word_1_53' title='bbox 941 899 1061 949; x_wconf 85' lang='lat' dir='ltr'><strong>sqq.</strong></span> <span class='ocrx_word' id='word_1_54' title='bbox 1103 880 1185 935; x_wconf 84' lang='lat' dir='ltr'><strong>sic</strong></span> <span class='ocrx_word' id='word_1_55' title='bbox 1220 881 1517 964; x_wconf 81' lang='lat' dir='ltr'><strong>intellego:</strong></span> <span class='ocrx_word' id='word_1_56' title='bbox 1568 884 1764 934; x_wconf 89' lang='lat' dir='ltr'><strong>contra</strong></span> <span class='ocrx_word' id='word_1_57' title='bbox 1800 896 1912 947; x_wconf 91' lang='lat' dir='ltr'><strong>eos,</strong></span> <span class='ocrx_word' id='word_1_58' title='bbox 1959 880 2058 949; x_wconf 89' lang='lat' dir='ltr'><strong>qui</strong></span> <span class='ocrx_word' id='word_1_59' title='bbox 2096 880 2478 951; x_wconf 71' lang='lat' dir='ltr'><strong>aegritudines</strong></span> 
     </span>
     <span class='ocr_line' id='line_1_9' title="bbox 441 950 2477 1036; baseline -0 -30"><span class='ocrx_word' id='word_1_60' title='bbox 441 953 748 1009; x_wconf 69' lang='lat' dir='ltr'><strong>senecmtis</strong></span> <span class='ocrx_word' id='word_1_61' title='bbox 796 955 1091 1036; x_wconf 81' lang='lat' dir='ltr'><strong>accusant,</strong></span> <span class='ocrx_word' id='word_1_62' title='bbox 1146 952 1392 1034; x_wconf 81' lang='lat' dir='ltr'><strong>primum</strong></span> <span class='ocrx_word' id='word_1_63' title='bbox 1437 950 1740 1006; x_wconf 87' lang='lat' dir='ltr'><strong>dicendum</strong></span> <span class='ocrx_word' id='word_1_64' title='bbox 1786 954 1898 1019; x_wconf 85' lang='lat' dir='ltr'><strong>est,</strong></span> <span class='ocrx_word' id='word_1_65' title='bbox 1954 951 2097 1006; x_wconf 90' lang='lat' dir='ltr'><strong>illud</strong></span> <span class='ocrx_word' id='word_1_66' title='bbox 2134 968 2246 1005; x_wconf 89' lang='lat' dir='ltr'><strong>non</strong></span> <span class='ocrx_word' id='word_1_67' title='bbox 2284 955 2477 1006; x_wconf 84' lang='lat' dir='ltr'><strong>contra</strong></span> 
     </span>
     <span class='ocr_line' id='line_1_10' title="bbox 441 1022 2478 1093; baseline -0 -15"><span class='ocrx_word' id='word_1_68' title='bbox 441 1040 599 1078; x_wconf 85' lang='lat' dir='ltr'><strong>senes</strong></span> <span class='ocrx_word' id='word_1_69' title='bbox 639 1025 779 1090; x_wconf 79' lang='lat' dir='ltr'><strong>dici3</strong></span> <span class='ocrx_word' id='word_1_70' title='bbox 833 1024 894 1077; x_wconf 92' lang='lat' dir='ltr'><strong>in</strong></span> <span class='ocrx_word' id='word_1_71' title='bbox 932 1024 1256 1079; x_wconf 85' lang='lat' dir='ltr'><strong>universum</strong></span> <span class='ocrx_word' id='word_1_72' title='bbox 1292 1023 1445 1077; x_wconf 87' lang='lat' dir='ltr'><strong>enim</strong></span> <span class='ocrx_word' id='word_1_73' title='bbox 1481 1023 1577 1090; x_wconf 88' lang='lat' dir='ltr'><strong>iis,</strong></span> <span class='ocrx_word' id='word_1_74' title='bbox 1626 1022 1831 1092; x_wconf 89' lang='lat' dir='ltr'><strong>quibus</strong></span> <span class='ocrx_word' id='word_1_75' title='bbox 1868 1022 2212 1093; x_wconf 91' lang='lat' dir='ltr'><strong>cupiditates</strong></span> <span class='ocrx_word' id='word_1_76' title='bbox 2248 1039 2361 1076; x_wconf 93' lang='lat' dir='ltr'><strong>non</strong></span> <span class='ocrx_word' id='word_1_77' title='bbox 2391 1024 2478 1077; x_wconf 90' lang='lat' dir='ltr'><strong>in-</strong></span> 
     </span>
     <span class='ocr_line' id='line_1_11' title="bbox 440 1093 2478 1166; baseline -0.001 -17"><span class='ocrx_word' id='word_1_78' title='bbox 440 1098 589 1164; x_wconf 85' lang='lat' dir='ltr'><strong>sunt,</strong></span> <span class='ocrx_word' id='word_1_79' title='bbox 626 1112 696 1150; x_wconf 91' lang='lat' dir='ltr'><strong>ne</strong></span> <span class='ocrx_word' id='word_1_80' title='bbox 727 1095 1113 1166; x_wconf 83' lang='lat' dir='ltr'><strong>aegritudines</strong></span> <span class='ocrx_word' id='word_1_81' title='bbox 1141 1095 1372 1164; x_wconf 90' lang='lat' dir='ltr'><strong>quidem</strong></span> <span class='ocrx_word' id='word_1_82' title='bbox 1397 1095 1593 1149; x_wconf 89' lang='lat' dir='ltr'><strong>insunt</strong></span> <span class='ocrx_word' id='word_1_83' title='bbox 1629 1093 1877 1163; x_wconf 89' lang='lat' dir='ltr'><strong>(senibus</strong></span> <span class='ocrx_word' id='word_1_84' title='bbox 1907 1097 2099 1148; x_wconf 87' lang='lat' dir='ltr'><strong>autem</strong></span> <span class='ocrx_word' id='word_1_85' title='bbox 2136 1094 2478 1164; x_wconf 84' lang='lat' dir='ltr'><strong>cupiditates</strong></span> 
     </span>
     <span class='ocr_line' id='line_1_12' title="bbox 438 1166 2477 1238; baseline -0 -17"><span class='ocrx_word' id='word_1_86' title='bbox 438 1184 551 1221; x_wconf 90' lang='lat' dir='ltr'><strong>non</strong></span> <span class='ocrx_word' id='word_1_87' title='bbox 596 1167 817 1234; x_wconf 87' lang='lat' dir='ltr'><strong>insunt,</strong></span> <span class='ocrx_word' id='word_1_88' title='bbox 864 1184 998 1238; x_wconf 90' lang='lat' dir='ltr'><strong>ergo</strong></span> <span class='ocrx_word' id='word_1_89' title='bbox 1045 1185 1114 1221; x_wconf 93' lang='lat' dir='ltr'><strong>ne</strong></span> <span class='ocrx_word' id='word_1_90' title='bbox 1163 1166 1549 1237; x_wconf 83' lang='lat' dir='ltr'><strong>aegritudines</strong></span> <span class='ocrx_word' id='word_1_91' title='bbox 1595 1166 1862 1235; x_wconf 90' lang='lat' dir='ltr'><strong>quidem).</strong></span> <span class='ocrx_word' id='word_1_92' title='bbox 1948 1166 2021 1219; x_wconf 84' lang='lat' dir='ltr'><strong>ad</strong></span> <span class='ocrx_word' id='word_1_93' title='bbox 2065 1185 2116 1221; x_wconf 85' lang='lat' dir='ltr'><strong>v.</strong></span> <span class='ocrx_word' id='word_1_94' title='bbox 2159 1170 2187 1219; x_wconf 81' lang='lat'><strong>7</strong></span> <span class='ocrx_word' id='word_1_95' title='bbox 2209 1183 2330 1234; x_wconf 90' lang='lat' dir='ltr'><strong>sqq.</strong></span> <span class='ocrx_word' id='word_1_96' title='bbox 2377 1166 2477 1220; x_wconf 89' lang='lat' dir='ltr'><strong>cfr.</strong></span> 
     </span>
     <span class='ocr_line' id='line_1_13' title="bbox 441 1238 940 1308; baseline 0 -15"><span class='ocrx_word' id='word_1_97' title='bbox 441 1238 601 1294; x_wconf 74' lang='lat' dir='ltr'><strong>Lucr.</strong></span> <span class='ocrx_word' id='word_1_98' title='bbox 631 1239 842 1292; x_wconf 83' lang='lat'>111·900</span> <span class='ocrx_word' id='word_1_99' title='bbox 859 1257 940 1308; x_wconf 88' lang='lat' dir='ltr'><strong>sq.</strong></span> 
     </span>
    </p>
   </div>
   <div class='ocr_carea' id='block_1_4' title="bbox 438 1344 2479 1843">
    <p class='ocr_par' dir='ltr' id='par_1_4' title="bbox 438 1344 2478 1843">
     <span class='ocr_line' id='line_1_14' title="bbox 583 1344 2478 1415; baseline -0.002 -14"><span class='ocrx_word' id='word_1_100' title='bbox 583 1346 668 1401; x_wconf 79' lang='lat' dir='ltr'><strong>fr.</strong></span> <span class='ocrx_word' id='word_1_101' title='bbox 695 1346 937 1401; x_wconf 89' lang='lat' dir='ltr'>LXXII</span> <span class='ocrx_word' id='word_1_102' title='bbox 985 1364 1037 1400; x_wconf 84' lang='lat' dir='ltr'><strong>v.</strong></span> <span class='ocrx_word' id='word_1_103' title='bbox 1076 1351 1235 1400; x_wconf 87' lang='grc'><strong>5-8</strong></span> <span class='ocrx_word' id='word_1_104' title='bbox 1292 1344 1640 1400; x_wconf 82' lang='lat' dir='ltr'><strong>adversarios</strong></span> <span class='ocrx_word' id='word_1_105' title='bbox 1694 1348 1834 1414; x_wconf 91' lang='lat' dir='ltr'><strong>puto</strong></span> <span class='ocrx_word' id='word_1_106' title='bbox 1890 1344 2221 1414; x_wconf 75' lang='lat' dir='ltr'><strong>scriptorem</strong></span> <span class='ocrx_word' id='word_1_107' title='bbox 2269 1344 2478 1415; x_wconf 87' lang='lat' dir='ltr'><strong>fingere</strong></span> 
     </span>
     <span class='ocr_line' id='line_1_15' title="bbox 440 1415 2475 1485; baseline -0.001 -15"><span class='ocrx_word' id='word_1_108' title='bbox 440 1420 788 1473; x_wconf 84' lang='lat' dir='ltr'><strong>senectutem</strong></span> <span class='ocrx_word' id='word_1_109' title='bbox 840 1421 1196 1483; x_wconf 84' lang='lat' dir='ltr'><strong>accusantes,</strong></span> <span class='ocrx_word' id='word_1_110' title='bbox 1254 1417 1407 1485; x_wconf 86' lang='lat' dir='ltr'><strong>quod</strong></span> <span class='ocrx_word' id='word_1_111' title='bbox 1459 1415 1714 1471; x_wconf 89' lang='lat' dir='ltr'><strong>homines</strong></span> <span class='ocrx_word' id='word_1_112' title='bbox 1764 1415 1996 1471; x_wconf 88' lang='lat' dir='ltr'><strong>inutiles</strong></span> <span class='ocrx_word' id='word_1_113' title='bbox 2039 1415 2260 1484; x_wconf 89' lang='lat' dir='ltr'><strong>reddat,</strong></span> <span class='ocrx_word' id='word_1_114' title='bbox 2307 1419 2475 1484; x_wconf 88' lang='lat' dir='ltr'><strong>atque</strong></span> 
     </span>
     <span class='ocr_line' id='line_1_16' title="bbox 440 1485 2476 1557; baseline -0.001 -14"><span class='ocrx_word' id='word_1_115' title='bbox 440 1505 601 1544; x_wconf 86' lang='lat' dir='ltr'><strong>senes</strong></span> <span class='ocrx_word' id='word_1_116' title='bbox 638 1491 947 1557; x_wconf 88' lang='lat' dir='ltr'><strong>monentes,</strong></span> <span class='ocrx_word' id='word_1_117' title='bbox 985 1491 1067 1555; x_wconf 87' lang='lat' dir='ltr'><strong>ut,</strong></span> <span class='ocrx_word' id='word_1_118' title='bbox 1106 1489 1258 1557; x_wconf 91' lang='lat' dir='ltr'><strong>quod</strong></span> <span class='ocrx_word' id='word_1_119' title='bbox 1287 1505 1485 1543; x_wconf 89' lang='lat' dir='ltr'><strong>senum</strong></span> <span class='ocrx_word' id='word_1_120' title='bbox 1522 1489 1615 1556; x_wconf 87' lang='lat' dir='ltr'><strong>sit,</strong></span> <span class='ocrx_word' id='word_1_121' title='bbox 1653 1505 1847 1543; x_wconf 90' lang='lat' dir='ltr'><strong>somno</strong></span> <span class='ocrx_word' id='word_1_122' title='bbox 1884 1503 2006 1542; x_wconf 86' lang='lat' dir='ltr'><strong>sese</strong></span> <span class='ocrx_word' id='word_1_123' title='bbox 2043 1485 2270 1543; x_wconf 86' lang='lat' dir='ltr'><strong>dedant.</strong></span> <span class='ocrx_word' id='word_1_124' title='bbox 2344 1487 2476 1542; x_wconf 90' lang='lat' dir='ltr'><strong>inde</strong></span> 
     </span>
     <span class='ocr_line' id='line_1_17' title="bbox 440 1558 2475 1630; baseline -0.001 -16"><span class='ocrx_word' id='word_1_125' title='bbox 440 1578 476 1615; x_wconf 86' lang='lat' dir='ltr'><strong>a</strong></span> <span class='ocrx_word' id='word_1_126' title='bbox 510 1577 673 1614; x_wconf 86' lang='lat' dir='ltr'><strong>versu</strong></span> <span class='ocrx_word' id='word_1_127' title='bbox 712 1566 743 1613; x_wconf 88' lang='lat'>9</span> <span class='ocrx_word' id='word_1_128' title='bbox 782 1563 972 1615; x_wconf 88' lang='lat' dir='ltr'><strong>autem</strong></span> <span class='ocrx_word' id='word_1_129' title='bbox 1018 1560 1259 1630; x_wconf 87' lang='lat' dir='ltr'><strong>scriptor</strong></span> <span class='ocrx_word' id='word_1_130' title='bbox 1304 1576 1468 1614; x_wconf 89' lang='lat' dir='ltr'><strong>suam</strong></span> <span class='ocrx_word' id='word_1_131' title='bbox 1504 1562 1573 1614; x_wconf 90' lang='lat' dir='ltr'><strong>de</strong></span> <span class='ocrx_word' id='word_1_132' title='bbox 1609 1560 1718 1614; x_wconf 89' lang='lat' dir='ltr'><strong>hac</strong></span> <span class='ocrx_word' id='word_1_133' title='bbox 1753 1578 1813 1614; x_wconf 90' lang='lat' dir='ltr'><strong>re</strong></span> <span class='ocrx_word' id='word_1_134' title='bbox 1852 1558 2195 1614; x_wconf 88' lang='lat' dir='ltr'><strong>sententiam</strong></span> <span class='ocrx_word' id='word_1_135' title='bbox 2232 1559 2475 1629; x_wconf 82' lang='lat' dir='ltr'><strong>exponit.</strong></span> 
     </span>
     <span class='ocr_line' id='line_1_18' title="bbox 441 1630 2479 1702; baseline -0.001 -16"><span class='ocrx_word' id='word_1_136' title='bbox 441 1663 508 1672; x_wconf 94' lang='lat'>—</span> <span class='ocrx_word' id='word_1_137' title='bbox 546 1648 738 1686; x_wconf 84' lang='lat' dir='ltr'><strong>versus</strong></span> <span class='ocrx_word' id='word_1_138' title='bbox 765 1631 1095 1686; x_wconf 87' lang='lat' dir='ltr'><strong>Homericus</strong></span> <span class='ocrx_word' id='word_1_139' title='bbox 1134 1632 1206 1686; x_wconf 83' lang='lat' dir='ltr'><strong>ab</strong></span> <span class='ocrx_word' id='word_1_140' title='bbox 1244 1631 1581 1686; x_wconf 82' lang='lat' dir='ltr'><strong>adversariis</strong></span> <span class='ocrx_word' id='word_1_141' title='bbox 1617 1630 1854 1700; x_wconf 85' lang='lat' dir='ltr'><strong>paulum</strong></span> <span class='ocrx_word' id='word_1_142' title='bbox 1888 1632 2143 1686; x_wconf 89' lang='lat' dir='ltr'><strong>mutatus</strong></span> <span class='ocrx_word' id='word_1_143' title='bbox 2181 1632 2281 1685; x_wconf 85' lang='lat' dir='ltr'><strong>est.</strong></span> <span class='ocrx_word' id='word_1_144' title='bbox 2337 1630 2479 1702; x_wconf 89' lang='lat' dir='ltr'><strong>legi-</strong></span> 
     </span>
     <span class='ocr_line' id='line_1_19' title="bbox 438 1699 2476 1773; baseline -0 -16"><span class='ocrx_word' id='word_1_145' title='bbox 438 1706 534 1757; x_wconf 87' lang='lat' dir='ltr'><strong>tur</strong></span> <span class='ocrx_word' id='word_1_146' title='bbox 569 1703 672 1758; x_wconf 89' lang='lat' dir='ltr'><strong>Od.</strong></span> <span class='ocrx_word' id='word_1_147' title='bbox 711 1722 759 1758; x_wconf 88' lang='grc' dir='ltr'>ω</span> <span class='ocrx_word' id='word_1_148' title='bbox 790 1708 894 1758; x_wconf 81' lang='lat'><strong>254</strong></span> <span class='ocrx_word' id='word_1_149' title='bbox 914 1721 995 1772; x_wconf 89' lang='lat' dir='ltr'><strong>sq.</strong></span> <span class='ocrx_word' id='word_1_150' title='bbox 1033 1707 1275 1773; x_wconf 83' lang='grc' dir='ltr'><strong>τοιούτῳ</strong></span> <span class='ocrx_word' id='word_1_151' title='bbox 1325 1705 1388 1758; x_wconf 82' lang='grc' dir='ltr'><strong>δὲ</strong></span> <span class='ocrx_word' id='word_1_152' title='bbox 1434 1705 1641 1770; x_wconf 77' lang='grc' dir='ltr'><strong>ἔοικας,</strong></span> <span class='ocrx_word' id='word_1_153' title='bbox 1700 1704 1820 1758; x_wconf 77' lang='grc' dir='ltr'>ἐπεὶ</span> <span class='ocrx_word' id='word_1_154' title='bbox 1864 1699 2144 1758; x_wconf 85' lang='grc' dir='ltr'><strong>λούσαιτο</strong></span> <span class='ocrx_word' id='word_1_155' title='bbox 2177 1705 2353 1771; x_wconf 83' lang='grc' dir='ltr'><strong>φάγοι</strong></span> <span class='ocrx_word' id='word_1_156' title='bbox 2394 1719 2476 1769; x_wconf 88' lang='grc' dir='ltr'><strong>τε,</strong></span> 
     </span>
     <span class='ocr_line' id='line_1_20' title="bbox 440 1776 1932 1843; baseline -0.001 -14"><span class='ocrx_word' id='word_1_157' title='bbox 440 1777 731 1842; x_wconf 81' lang='grc' dir='ltr'><strong>εὑδέμεναι</strong></span> <span class='ocrx_word' id='word_1_158' title='bbox 769 1779 1055 1842; x_wconf 81' lang='grc' dir='ltr'>μαλακῶς·</span> <span class='ocrx_word' id='word_1_159' title='bbox 1093 1778 1130 1841; x_wconf 85' lang='grc' dir='ltr'>ἡ</span> <span class='ocrx_word' id='word_1_160' title='bbox 1167 1777 1275 1843; x_wconf 85' lang='grc' dir='ltr'><strong>γὰρ</strong></span> <span class='ocrx_word' id='word_1_161' title='bbox 1313 1776 1438 1842; x_wconf 82' lang='grc' dir='ltr'>δίκη</span> <span class='ocrx_word' id='word_1_162' title='bbox 1477 1776 1594 1829; x_wconf 78' lang='grc' dir='ltr'><strong>ἐστὶ</strong></span> <span class='ocrx_word' id='word_1_163' title='bbox 1629 1776 1932 1842; x_wconf 85' lang='grc' dir='ltr'><strong>γερόντων.</strong></span> 
     </span>
    </p>
   </div>
   <div class='ocr_carea' id='block_1_5' title="bbox 438 1879 2482 2167">
    <p class='ocr_par' dir='ltr' id='par_1_5' title="bbox 438 1879 2482 2167">
     <span class='ocr_line' id='line_1_21' title="bbox 583 1879 2482 1949; baseline -0.002 -13"><span class='ocrx_word' id='word_1_164' title='bbox 583 1881 668 1937; x_wconf 79' lang='lat' dir='ltr'><strong>fr.</strong></span> <span class='ocrx_word' id='word_1_165' title='bbox 696 1881 968 1936; x_wconf 84' lang='lat' dir='ltr'>LXXIII</span> <span class='ocrx_word' id='word_1_166' title='bbox 1001 1899 1053 1936; x_wconf 84' lang='lat' dir='ltr'><strong>v.</strong></span> <span class='ocrx_word' id='word_1_167' title='bbox 1084 1887 1116 1934; x_wconf 79' lang='lat'>6</span> <span class='ocrx_word' id='word_1_168' title='bbox 1171 1885 1206 1936; x_wconf 84' lang='grc' dir='ltr'>ὁ</span> <span class='ocrx_word' id='word_1_169' title='bbox 1244 1884 1431 1946; x_wconf 86' lang='grc' dir='ltr'><strong>αὐτὸς.</strong></span> <span class='ocrx_word' id='word_1_170' title='bbox 1504 1880 1658 1935; x_wconf 92' lang='lat' dir='ltr'><strong>idem</strong></span> <span class='ocrx_word' id='word_1_171' title='bbox 1712 1880 1956 1949; x_wconf 86' lang='lat' dir='ltr'><strong>scilicet,</strong></span> <span class='ocrx_word' id='word_1_172' title='bbox 2013 1880 2171 1934; x_wconf 85' lang='lat' dir='ltr'><strong>cuius</strong></span> <span class='ocrx_word' id='word_1_173' title='bbox 2223 1879 2482 1934; x_wconf 79' lang='lat' dir='ltr'><strong>versibus</strong></span> 
     </span>
     <span class='ocr_line' id='line_1_22' title="bbox 440 1949 2477 2008; baseline -0.001 -1"><span class='ocrx_word' id='word_1_174' title='bbox 440 1952 615 2007; x_wconf 88' lang='lat' dir='ltr'><strong>etiam</strong></span> <span class='ocrx_word' id='word_1_175' title='bbox 669 1953 978 2008; x_wconf 84' lang='lat' dir='ltr'><strong>adversarii</strong></span> <span class='ocrx_word' id='word_1_176' title='bbox 1040 1953 1130 2006; x_wconf 86' lang='lat' dir='ltr'><strong>usi</strong></span> <span class='ocrx_word' id='word_1_177' title='bbox 1196 1957 1359 2008; x_wconf 85' lang='lat' dir='ltr'><strong>erant</strong></span> <span class='ocrx_word' id='word_1_178' title='bbox 1412 1952 1478 2007; x_wconf 87' lang='lat' dir='ltr'><strong>fr.</strong></span> <span class='ocrx_word' id='word_1_179' title='bbox 1536 1954 1924 2007; x_wconf 83' lang='lat' dir='ltr'><strong>antecedente.</strong></span> <span class='ocrx_word' id='word_1_180' title='bbox 2015 1967 2166 2006; x_wconf 90' lang='lat' dir='ltr'><strong>nunc</strong></span> <span class='ocrx_word' id='word_1_181' title='bbox 2225 1949 2477 2006; x_wconf 87' lang='lat' dir='ltr'><strong>eiusdem</strong></span> 
     </span>
     <span class='ocr_line' id='line_1_23' title="bbox 438 2021 2476 2095; baseline -0.001 -16"><span class='ocrx_word' id='word_1_182' title='bbox 438 2027 641 2095; x_wconf 87' lang='lat' dir='ltr'><strong>poetae</strong></span> <span class='ocrx_word' id='word_1_183' title='bbox 675 2024 931 2080; x_wconf 82' lang='lat' dir='ltr'><strong>versibus</strong></span> <span class='ocrx_word' id='word_1_184' title='bbox 968 2041 1127 2080; x_wconf 83' lang='lat' dir='ltr'><strong>suam</strong></span> <span class='ocrx_word' id='word_1_185' title='bbox 1166 2024 1508 2080; x_wconf 87' lang='lat' dir='ltr'><strong>sententiam</strong></span> <span class='ocrx_word' id='word_1_186' title='bbox 1536 2023 1845 2079; x_wconf 84' lang='lat' dir='ltr'><strong>confirmat.</strong></span> <span class='ocrx_word' id='word_1_187' title='bbox 1877 2056 1941 2064; x_wconf 92' lang='lat'>—</span> <span class='ocrx_word' id='word_1_188' title='bbox 1971 2040 2165 2079; x_wconf 86' lang='lat' dir='ltr'><strong>versus</strong></span> <span class='ocrx_word' id='word_1_189' title='bbox 2193 2021 2476 2078; x_wconf 88' lang='lat' dir='ltr'><strong>Homerici</strong></span> 
     </span>
     <span class='ocr_line' id='line_1_24' title="bbox 439 2096 1950 2167; baseline 0.001 -17"><span class='ocrx_word' id='word_1_190' title='bbox 439 2100 571 2150; x_wconf 86' lang='lat' dir='ltr'><strong>sunt</strong></span> <span class='ocrx_word' id='word_1_191' title='bbox 605 2096 668 2150; x_wconf 94' lang='lat' dir='ltr'><strong>Il.</strong></span> <span class='ocrx_word' id='word_1_192' title='bbox 702 2099 742 2152; x_wconf 89' lang='grc' dir='ltr'><strong>Β</strong></span> <span class='ocrx_word' id='word_1_193' title='bbox 773 2101 839 2150; x_wconf 78' lang='grc'><strong>53</strong></span> <span class='ocrx_word' id='word_1_194' title='bbox 879 2100 936 2150; x_wconf 89' lang='lat' dir='ltr'><strong>et</strong></span> <span class='ocrx_word' id='word_1_195' title='bbox 974 2100 1007 2150; x_wconf 95' lang='grc' dir='ltr'>Γ</span> <span class='ocrx_word' id='word_1_196' title='bbox 1038 2102 1166 2163; x_wconf 82' lang='grc' dir='ltr'><strong>15ος</strong></span> <span class='ocrx_word' id='word_1_197' title='bbox 1204 2113 1343 2165; x_wconf 89' lang='lat' dir='ltr'><strong>quos</strong></span> <span class='ocrx_word' id='word_1_198' title='bbox 1383 2096 1662 2150; x_wconf 78' lang='lat' dir='ltr'><strong>Usener-us</strong></span> <span class='ocrx_word' id='word_1_199' title='bbox 1699 2096 1950 2167; x_wconf 80' lang='lat' dir='ltr'><strong>agnovit.</strong></span> 
     </span>
    </p>
   </div>
   <div class='ocr_carea' id='block_1_6' title="bbox 582 2202 1992 2274">
    <p class='ocr_par' dir='ltr' id='par_1_6' title="bbox 582 2202 1992 2274">
     <span class='ocr_line' id='line_1_25' title="bbox 582 2202 1992 2274; baseline -0.001 -16"><span class='ocrx_word' id='word_1_200' title='bbox 582 2203 667 2258; x_wconf 79' lang='lat' dir='ltr'><strong>fr.</strong></span> <span class='ocrx_word' id='word_1_201' title='bbox 699 2203 951 2259; x_wconf 84' lang='lat' dir='ltr'>LXXIV</span> <span class='ocrx_word' id='word_1_202' title='bbox 989 2205 1215 2273; x_wconf 80' lang='grc' dir='ltr'><strong>ἀρτίους</strong></span> <span class='ocrx_word' id='word_1_203' title='bbox 1251 2203 1349 2258; x_wconf 86' lang='lat' dir='ltr'><strong>cfr.</strong></span> <span class='ocrx_word' id='word_1_204' title='bbox 1389 2203 1571 2258; x_wconf 84' lang='lat' dir='ltr'><strong>Praef.</strong></span> <span class='ocrx_word' id='word_1_205' title='bbox 1609 2222 1664 2274; x_wconf 94' lang='lat' dir='ltr'><strong>p.</strong></span> <span class='ocrx_word' id='word_1_206' title='bbox 1693 2202 1992 2257; x_wconf 84' lang='lat' dir='ltr'><strong>XXXVIII.</strong></span> 
     </span>
    </p>
   </div>
  </div>
 </body>
</html>
