2693 4100
1101 264 1170 271 -
1243 232 1320 285 XI
1394 264 1461 273 ..-

259 402 323 460 111
371 406 460 461 est
506 402 581 459 ad
627 402 731 460 frr.
766 402 1027 460 28-29
1078 400 1406 460 sententias
1453 403 1838 460 continentia.
1904 420 2039 460 cum
2084 402 2300 478 quibus

261 493 387 551 sive
431 492 679 567 propter
734 492 927 551 solum
984 493 1402 568 argumentum
1459 492 1583 549 sive
1630 493 1813 550 etiam
1856 493 2103 567 propter
2148 490 2299 550 alias

262 598 471 639 causas
517 612 591 620 —
634 598 855 657 magna
911 580 1110 654 spatia
1165 597 1348 655 supra
1406 579 1744 638 columnam
1797 582 1858 639 et
1902 599 1939 638 a
1985 579 2192 639 dextra
2241 583 2303 639 et

258 671 506 728 sinistra
551 670 722 743 parte
770 668 1079 728 columnae
1124 668 1336 727 relicta
1381 701 1457 710 —
1501 665 1913 747 coniungenda
1958 672 2099 727 sunt
2139 671 2298 747 frag—

261 760 463 816 menta
511 777 763 832 quorum
801 758 873 815 de
912 757 1234 816 altitudine
1271 757 1425 816 nihil
1462 760 1700 816 constat
1739 760 1818 816 27
1861 750 2075 840 (LVI),
2124 761 2301 818 30-—

260 848 346 906 32
404 840 667 927 (LIX—
681 839 865 927 LXI).
959 866 1028 906 ac
1081 847 1342 922 primum
1402 847 1642 921 quidem
1697 850 1949 923 apparet
2004 867 2140 906 eum
2194 850 2301 922 qui

254 937 368 995 has
415 938 740 996 sententias
794 935 1112 1011 insculpsit
1156 936 1217 993 id
1256 954 1498 1011 operam
1547 935 1806 1010 dedisse,
1851 939 1921 996 ut
1966 938 2300 996 sententiae

256 1026 320 1083 in
369 1044 491 1084 uno
536 1025 736 1100 lapide
784 1026 1056 1101 inceptae
1103 1025 1164 1081 in
1215 1025 1420 1083 eodem
1466 1025 1649 1082 etiam
1694 1024 2025 1084 finirentur.
2093 1027 2298 1101 itaque

253 1115 484 1173 factum
531 1118 638 1181 est,
685 1117 755 1172 ut
789 1114 860 1174 fr
895 1116 975 1172 27
1018 1105 1213 1194 (LVI)
1253 1114 1473 1188 decem,
1509 1113 1583 1172 fr.
1615 1114 1696 1172 28
1735 1106 1964 1193 (LVII)
2004 1115 2298 1187 undecim,

252 1204 326 1261 fr.
361 1205 442 1262 29
476 1195 732 1283 (LVIII)
770 1222 984 1262 novem
1019 1207 1264 1262 tantum
1297 1203 1521 1261 habeat
1547 1218 1779 1278 versus;
1817 1203 1888 1262 de
1925 1205 2137 1262 ceteris
2175 1223 2295 1263 non

256 1295 509 1351 constat.
581 1311 715 1351 cum
759 1291 950 1370 igitur
995 1294 1390 1370 cognoscatur
1433 1310 1713 1350 versuum
1750 1293 1981 1351 numeri
2018 1312 2155 1352 eum
2193 1295 2299 1369 qui

255 1382 572 1456 insculpsit
616 1381 914 1441 rationem
968 1400 1087 1440 non
1131 1380 1439 1454 habuisse,
1485 1380 1989 1440 verisimillimum
2038 1399 2163 1441 esse
2209 1384 2298 1440 vi-

252 1469 458 1545 detur,
522 1489 892 1546 quamquam
946 1488 1228 1529 versuum
1282 1488 1565 1529 numerus
1629 1489 1749 1530 non
1803 1469 1963 1528 idem
2019 1474 2136 1544 est,
2190 1470 2298 1531 hos

256 1559 490 1634 lapides
548 1559 739 1617 eidem
793 1558 1064 1635 lapidum
1119 1559 1295 1618 seriei
1341 1558 1752 1618 attribuendos
1809 1578 1932 1618 esse
1981 1562 2161 1635 atque
2208 1579 2297 1619 ce-

255 1652 416 1707 teros
472 1648 703 1724 lapides
759 1667 945 1724 aeque
999 1666 1277 1725 magnOS,
1336 1648 1440 1723 qui
1495 1649 1556 1706 et
1611 1648 1933 1724 epistulam
1991 1650 2067 1708 ad
2121 1649 2298 1707 Anti-

255 1740 501 1812 patrum
547 1740 609 1796 et
654 1739 914 1797 ethicam
958 1737 1427 1813 disputationem
1473 1736 1962 1812 complectuntur.
2038 1738 2199 1813 quod
2245 1739 2297 1797 si

258 1828 383 1885 inre
428 1828 700 1902 facimus,
748 1827 892 1902 quid
926 1844 1130 1884 rursus
1167 1825 1539 1901 probabilius
1578 1829 1686 1899 est,
1733 1845 1915 1901 quam
1950 1828 2098 1886 haec
2134 1828 2296 1905 frag—

259 1918 458 1974 menta
514 1934 648 1973 cum
706 1917 919 1992 quinto
975 1915 1204 1975 decimo
1258 1914 1369 1974 illo
1425 1933 1602 1974 versu
1655 1935 1763 1991 per
1816 1918 2012 1975 totam
2067 1917 2296 1975 ethicae

259 2004 692 2065 dissertationis
747 2004 1185 2083 longitudinem
1244 2006 1624 2080 percurrente
1681 2006 2094 2083 coniungenda
2150 2025 2294 2082 6336,

255 2112 392 2153 611111
429 2096 481 2153 13
529 2114 764 2171 quoque
812 2095 1138 2154 sententias
1179 2092 1525 2152 contineat?
1590 2094 1750 2170 quod
1788 2095 2296 2170 simplicissimum

254 2184 319 2241 in
345 2183 589 2243 modum
614 2184 701 2263 fit,
739 2185 790 2242 si
830 2186 1108 2259 quintum
1147 2184 1446 2241 decimum
1480 2183 1656 2241 illum
1681 2201 1920 2242 versum
1953 2183 2147 2243 ethica
2176 2185 2294 2244 dis-

256 2274 569 2347 putatione
614 2272 787 2332 finita
833 2272 927 2331 his
972 2274 1037 2331 in
1082 2272 1386 2347 lapidibus
1422 2273 1593 2330 iuxta
1640 2272 2110 2348 disputationem
2162 2277 2293 2334 sitis

255 2362 665 2421 continuatam
712 2379 836 2421 6336
884 2362 1262 2420 arbitramur.
1331 2380 1403 2419 ex
1450 2379 1516 2420 eo
1556 2364 1758 2419 autem
1796 2365 2084 2438 sequitur,
2134 2365 2293 2438 quod

254 2450 502 2509 maximi
545 2450 833 2510 momenti
870 2453 976 2524 est,
1013 2453 1098 2524 ut,
1147 2450 1300 2509 sicut
1336 2450 1475 2508 illas
1518 2452 1844 2509 sententias
1883 2452 2130 2527 Epicuri
2168 2470 2292 2511 esse

250 2542 515 2614 constat,
578 2540 667 2598 ita
722 2540 833 2598 hae
898 2556 1134 2615 quoque
1191 2540 1452 2614 Epicuro
1513 2539 1904 2598 vindicandae
1969 2542 2105 2599 sint.
2197 2543 2293 2600 vel

251 2630 454 2704 potius
501 2647 636 2688 cum
681 2630 745 2686 in
781 2628 1164 2705 gnomologio
1208 2626 1468 2703 quodam
1514 2646 1649 2686 cum
1688 2629 1934 2704 Epicuri
1978 2631 2293 2689 sententiis

253 2718 578 2777 Metrodori
652 2737 887 2793 quoque
959 2716 1277 2776 nonnullas
1362 2718 1712 2776 cuniunctas
1786 2734 1911 2776 esse
1986 2718 2291 2778 videamus

247 2798 533 2887 (Wiener
566 2805 811 2865 Studien
855 2806 935 2880 X,
988 2809 1110 2865 191
1136 2799 1314 2886 sqq.,)
1371 2806 1602 2864 cautius
1660 2806 1974 2865 dicendum
2020 2810 2137 2882 est,
2188 2826 2292 2867 3611

254 2895 499 2970 Epicuri
554 2915 658 2955 seu
721 2895 1047 2955 Metrodori
1111 2913 1216 2954 seu
1272 2894 1562 2971 Polyaeni
1617 2914 1719 2954 3611
1773 2853 2137 2954 Hermarchi
2182 2897 2291 2955 has

248 2987 580 3043 sententias
637 3003 763 3044 6336
819 2976 952 3065 (cfr.
1009 3002 1163 3060 quae
1218 2983 1515 3043 Usenerus
1573 2983 1843 3060 disputat
1898 2984 2101 3043 eodem
2158 2986 2289 3044 loco

246 3092 310 3148 p.
345 3075 469 3132 187
520 3075 581 3132 et
625 3074 928 3147 Epicurea
973 3094 1029 3149 p.
1059 3072 1197 3130 LIX
1216 3064 1392 3153 sqq.)
1467 3073 1736 3148 profecto
1784 3075 2071 3133 sermonis
2120 3093 2292 3133 usum

248 3180 387 3220 cum
432 3164 680 3238 Epicuri
725 3162 1007 3238 loquendi
1055 3161 1480 3221 consuetudine
1526 3164 1782 3220 maxime
1831 3181 2155 3241 congruere
2201 3165 2290 3222 fa-

247 3251 363 3310 cile
417 3252 611 3310 videri
664 3254 887 3327 potest,
947 3255 1008 3309 et
1061 3253 1270 3327 postea
1324 3251 1616 3309 nonnulla
1673 3270 1825 3327 quae
1886 3252 2108 3311 similia
2163 3272 2290 3311 6336

247 3341 531 3399 videntur
579 3340 893 3400 adnotabo.

388 3428 732 3488 Ceterorum
769 3430 1239 3507 fiagmentorum
1280 3446 1434 3502 quae
1460 3431 1620 3487 inter
1656 3448 1717 3488 se
1755 3429 2109 3488 cohaereant
2139 3449 2290 3505 quae

249 3537 371 3576 non
419 3519 792 3592 cohaereant,
839 3518 1015 3577 facile
1061 3517 1451 3593 intellegitur.
1527 3537 1596 3575 ex
1643 3519 1832 3577 altero
1879 3518 2149 3593 lapidum
2198 3538 2290 3577 or-

248 3606 388 3665 dine
450 3598 744 3687 (46-50
782 3600 904 3688 cm)
967 3606 1041 3665 ad
1099 3606 1568 3682 disputationem
1624 3608 1936 3683 physicam
1990 3609 2292 3683 pertinent
