<?xml version="1.0" encoding="UTF-8"?>
<!DOCTYPE html PUBLIC "-//W3C//DTD XHTML 1.0 Transitional//EN"
    "http://www.w3.org/TR/xhtml1/DTD/xhtml1-transitional.dtd">
<html xmlns="http://www.w3.org/1999/xhtml" xml:lang="en" lang="en">
 <head>
  <title>
</title>
<meta http-equiv="Content-Type" content="text/html;charset=utf-8" />
  <meta name='ocr-system' content='tesseract 3.04.00' />
  <meta name='ocr-capabilities' content='ocr_page ocr_carea ocr_par ocr_line ocrx_word'/>
</head>
<body>
  <div class='ocr_page' id='page_1' title='image "./diogenisoenoand00oenogoog_0038.png"; bbox 0 0 2693 4100; ppageno 0'>
   <div class='ocr_carea' id='block_1_1' title="bbox 1244 228 1759 282">
    <p class='ocr_par' dir='ltr' id='par_1_1' title="bbox 1244 228 1759 282">
     <span class='ocr_line' id='line_1_1' title="bbox 1244 228 1759 282; baseline 0.004 -15"><span class='ocrx_word' id='word_1_1' title='bbox 1244 228 1759 282; x_wconf 66' lang='lat' dir='ltr'>-XXXIV-</span> 
     </span>
    </p>
   </div>
   <div class='ocr_carea' id='block_1_2' title="bbox 483 393 2531 3680">
    <p class='ocr_par' dir='ltr' id='par_1_2' title="bbox 483 393 2522 2972">
     <span class='ocr_line' id='line_1_2' title="bbox 483 393 2521 472; baseline 0 -17"><span class='ocrx_word' id='word_1_2' title='bbox 483 393 837 471; x_wconf 87' lang='grc' dir='ltr'>κασωτός</span> <span class='ocrx_word' id='word_1_3' title='bbox 884 416 994 472; x_wconf 86' lang='lat' dir='ltr'>pro</span> <span class='ocrx_word' id='word_1_4' title='bbox 1041 393 1311 472; x_wconf 84' lang='grc' dir='ltr'>πιλητός</span> <span class='ocrx_word' id='word_1_5' title='bbox 1350 397 1448 456; x_wconf 89' lang='lat' dir='ltr'>vel</span> <span class='ocrx_word' id='word_1_6' title='bbox 1484 393 1770 471; x_wconf 86' lang='grc' dir='ltr'>πιλωτός</span> <span class='ocrx_word' id='word_1_7' title='bbox 1817 398 1890 455; x_wconf 88' lang='lat' dir='ltr'>fr.</span> <span class='ocrx_word' id='word_1_8' title='bbox 1919 397 1975 454; x_wconf 90' lang='lat' dir='ltr'>X</span> <span class='ocrx_word' id='word_1_9' title='bbox 2022 398 2127 456; x_wconf 84' lang='lat' dir='ltr'>eol.</span> <span class='ocrx_word' id='word_1_10' title='bbox 2156 397 2189 456; x_wconf 87' lang='grc' dir='ltr'>Ι</span> <span class='ocrx_word' id='word_1_11' title='bbox 2221 400 2319 456; x_wconf 94' lang='grc'>12.</span> <span class='ocrx_word' id='word_1_12' title='bbox 2387 417 2521 457; x_wconf 84' lang='lat' dir='ltr'>ver·</span> 
     </span>
     <span class='ocr_line' id='line_1_3' title="bbox 615 486 2519 563; baseline 0.001 -20"><span class='ocrx_word' id='word_1_13' title='bbox 615 486 758 544; x_wconf 90' lang='lat' dir='ltr'>bum</span> <span class='ocrx_word' id='word_1_14' title='bbox 814 486 960 544; x_wconf 91' lang='lat' dir='ltr'>alibi</span> <span class='ocrx_word' id='word_1_15' title='bbox 1015 504 1132 545; x_wconf 91' lang='lat' dir='ltr'>non</span> <span class='ocrx_word' id='word_1_16' title='bbox 1190 488 1401 546; x_wconf 83' lang='lat' dir='ltr'>exstat.</span> <span class='ocrx_word' id='word_1_17' title='bbox 1493 486 1557 545; x_wconf 92' lang='lat' dir='ltr'>in</span> <span class='ocrx_word' id='word_1_18' title='bbox 1612 486 1847 563; x_wconf 84' lang='lat' dir='ltr'>vulgari</span> <span class='ocrx_word' id='word_1_19' title='bbox 1904 505 2169 545; x_wconf 90' lang='lat' dir='ltr'>sermone</span> <span class='ocrx_word' id='word_1_20' title='bbox 2222 486 2519 547; x_wconf 84' lang='lat' dir='ltr'>adieetiva</span> 
     </span>
     <span class='ocr_line' id='line_1_4' title="bbox 615 574 2511 651; baseline -0.001 -17"><span class='ocrx_word' id='word_1_21' title='bbox 615 575 792 634; x_wconf 88' lang='lat' dir='ltr'>huius</span> <span class='ocrx_word' id='word_1_22' title='bbox 840 575 1072 651; x_wconf 86' lang='lat' dir='ltr'>generis</span> <span class='ocrx_word' id='word_1_23' title='bbox 1118 575 1292 634; x_wconf 84' lang='lat' dir='ltr'>valde</span> <span class='ocrx_word' id='word_1_24' title='bbox 1337 575 1568 635; x_wconf 84' lang='lat' dir='ltr'>usitata</span> <span class='ocrx_word' id='word_1_25' title='bbox 1614 578 1802 634; x_wconf 86' lang='lat' dir='ltr'>erant.</span> <span class='ocrx_word' id='word_1_26' title='bbox 1885 574 2173 649; x_wconf 80' lang='lat' dir='ltr'>Aristeas,</span> <span class='ocrx_word' id='word_1_27' title='bbox 2218 578 2287 633; x_wconf 89' lang='lat' dir='ltr'>ut</span> <span class='ocrx_word' id='word_1_28' title='bbox 2324 595 2511 634; x_wconf 85' lang='lat' dir='ltr'>exem-</span> 
     </span>
     <span class='ocr_line' id='line_1_5' title="bbox 616 660 2510 740; baseline 0.001 -18"><span class='ocrx_word' id='word_1_29' title='bbox 616 665 722 740; x_wconf 91' lang='lat' dir='ltr'>pla</span> <span class='ocrx_word' id='word_1_30' title='bbox 765 666 1094 739; x_wconf 84' lang='lat' dir='ltr'>proferam,</span> <span class='ocrx_word' id='word_1_31' title='bbox 1139 665 1285 724; x_wconf 82' lang='lat' dir='ltr'>haee</span> <span class='ocrx_word' id='word_1_32' title='bbox 1332 664 1627 724; x_wconf 81' lang='lat' dir='ltr'>voeabula</span> <span class='ocrx_word' id='word_1_33' title='bbox 1671 666 1950 740; x_wconf 84' lang='lat' dir='ltr'>usurpat:</span> <span class='ocrx_word' id='word_1_34' title='bbox 1998 660 2328 738; x_wconf 86' lang='grc' dir='ltr'>κρινωτός,</span> <span class='ocrx_word' id='word_1_35' title='bbox 2377 675 2510 724; x_wconf 87' lang='grc' dir='ltr'>κισ-</span> 
     </span>
     <span class='ocr_line' id='line_1_6' title="bbox 617 748 2513 828; baseline 0 -15"><span class='ocrx_word' id='word_1_36' title='bbox 617 750 861 826; x_wconf 84' lang='grc' dir='ltr'>σωτός,</span> <span class='ocrx_word' id='word_1_37' title='bbox 920 750 1300 828; x_wconf 87' lang='grc' dir='ltr'>γομφωτός,</span> <span class='ocrx_word' id='word_1_38' title='bbox 1368 749 1765 828; x_wconf 80' lang='grc' dir='ltr'>φολιδωτός,</span> <span class='ocrx_word' id='word_1_39' title='bbox 1831 749 2209 827; x_wconf 82' lang='grc' dir='ltr'>δικτυωτός,</span> <span class='ocrx_word' id='word_1_40' title='bbox 2268 748 2513 827; x_wconf 84' lang='grc' dir='ltr'>ῥαβδω-</span> 
     </span>
     <span class='ocr_line' id='line_1_7' title="bbox 617 833 2518 924; baseline -0.001 -23"><span class='ocrx_word' id='word_1_41' title='bbox 617 838 757 915; x_wconf 87' lang='grc' dir='ltr'><strong>τός,</strong></span> <span class='ocrx_word' id='word_1_42' title='bbox 808 837 1145 916; x_wconf 84' lang='grc' dir='ltr'>ῥομβωτός</span> <span class='ocrx_word' id='word_1_43' title='bbox 1194 835 1328 923; x_wconf 84' lang='lat' dir='ltr'>(cfr.</span> <span class='ocrx_word' id='word_1_44' title='bbox 1376 841 1764 902; x_wconf 86' lang='lat' dir='ltr'>Wendlandii</span> <span class='ocrx_word' id='word_1_45' title='bbox 1813 833 2126 924; x_wconf 81' lang='lat' dir='ltr'>indicem),</span> <span class='ocrx_word' id='word_1_46' title='bbox 2174 844 2291 902; x_wconf 86' lang='lat' dir='ltr'>etsi</span> <span class='ocrx_word' id='word_1_47' title='bbox 2335 842 2518 901; x_wconf 84' lang='lat' dir='ltr'>verba</span> 
     </span>
     <span class='ocr_line' id='line_1_8' title="bbox 617 927 2518 1007; baseline 0 -17"><span class='ocrx_word' id='word_1_48' title='bbox 617 927 873 1005; x_wconf 90' lang='grc' dir='ltr'>κρινόω,</span> <span class='ocrx_word' id='word_1_49' title='bbox 913 928 1226 1006; x_wconf 80' lang='grc' dir='ltr'>φολιδόω,</span> <span class='ocrx_word' id='word_1_50' title='bbox 1268 927 1545 1006; x_wconf 80' lang='grc' dir='ltr'>ραβδόω,</span> <span class='ocrx_word' id='word_1_51' title='bbox 1578 927 1838 1007; x_wconf 84' lang='grc' dir='ltr'>ῥομβόω</span> <span class='ocrx_word' id='word_1_52' title='bbox 1877 931 2047 990; x_wconf 86' lang='lat' dir='ltr'>nobis</span> <span class='ocrx_word' id='word_1_53' title='bbox 2094 931 2335 1007; x_wconf 86' lang='lat' dir='ltr'>quidem</span> <span class='ocrx_word' id='word_1_54' title='bbox 2376 936 2518 990; x_wconf 80' lang='lat' dir='ltr'>nota</span> 
     </span>
     <span class='ocr_line' id='line_1_9' title="bbox 616 1018 2515 1097; baseline 0.001 -19"><span class='ocrx_word' id='word_1_55' title='bbox 616 1039 737 1079; x_wconf 89' lang='lat' dir='ltr'>non</span> <span class='ocrx_word' id='word_1_56' title='bbox 783 1024 939 1079; x_wconf 82' lang='lat' dir='ltr'>sunt.</span> <span class='ocrx_word' id='word_1_57' title='bbox 1033 1022 1117 1079; x_wconf 83' lang='lat' dir='ltr'>sie</span> <span class='ocrx_word' id='word_1_58' title='bbox 1164 1018 1465 1095; x_wconf 87' lang='grc' dir='ltr'>κασωτός</span> <span class='ocrx_word' id='word_1_59' title='bbox 1504 1039 1739 1097; x_wconf 91' lang='lat' dir='ltr'>quoque</span> <span class='ocrx_word' id='word_1_60' title='bbox 1786 1019 1955 1096; x_wconf 83' lang='lat' dir='ltr'>quasi</span> <span class='ocrx_word' id='word_1_61' title='bbox 1997 1040 2034 1080; x_wconf 86' lang='lat' dir='ltr'>a</span> <span class='ocrx_word' id='word_1_62' title='bbox 2070 1020 2251 1080; x_wconf 88' lang='lat' dir='ltr'>verbo</span> <span class='ocrx_word' id='word_1_63' title='bbox 2291 1018 2515 1080; x_wconf 89' lang='grc' dir='ltr'>κασόω</span> 
     </span>
     <span class='ocr_line' id='line_1_10' title="bbox 615 1109 2514 1186; baseline 0 -19"><span class='ocrx_word' id='word_1_64' title='bbox 615 1109 944 1184; x_wconf 80' lang='lat' dir='ltr'>derivatur,</span> <span class='ocrx_word' id='word_1_65' title='bbox 991 1111 1162 1169; x_wconf 85' lang='lat' dir='ltr'>euius</span> <span class='ocrx_word' id='word_1_66' title='bbox 1210 1110 1481 1185; x_wconf 85' lang='lat' dir='ltr'>exempla</span> <span class='ocrx_word' id='word_1_67' title='bbox 1517 1110 1759 1186; x_wconf 85' lang='lat' dir='ltr'>quidem</span> <span class='ocrx_word' id='word_1_68' title='bbox 1797 1128 1917 1169; x_wconf 91' lang='lat' dir='ltr'>non</span> <span class='ocrx_word' id='word_1_69' title='bbox 1955 1110 2264 1185; x_wconf 87' lang='lat' dir='ltr'>habemus,</span> <span class='ocrx_word' id='word_1_70' title='bbox 2311 1129 2514 1186; x_wconf 85' lang='lat' dir='ltr'>quam-</span> 
     </span>
     <span class='ocr_line' id='line_1_11' title="bbox 616 1199 2515 1276; baseline 0 -20"><span class='ocrx_word' id='word_1_71' title='bbox 616 1217 801 1273; x_wconf 82' lang='lat' dir='ltr'>quam</span> <span class='ocrx_word' id='word_1_72' title='bbox 847 1201 1077 1258; x_wconf 85' lang='lat' dir='ltr'>exstare</span> <span class='ocrx_word' id='word_1_73' title='bbox 1123 1199 1187 1258; x_wconf 82' lang='lat' dir='ltr'>id</span> <span class='ocrx_word' id='word_1_74' title='bbox 1231 1199 1480 1259; x_wconf 84' lang='lat' dir='ltr'>verbum</span> <span class='ocrx_word' id='word_1_75' title='bbox 1526 1200 1685 1258; x_wconf 80' lang='lat' dir='ltr'>certo</span> <span class='ocrx_word' id='word_1_76' title='bbox 1724 1200 1935 1276; x_wconf 85' lang='lat' dir='ltr'>negari</span> <span class='ocrx_word' id='word_1_77' title='bbox 1970 1218 2090 1258; x_wconf 91' lang='lat' dir='ltr'>non</span> <span class='ocrx_word' id='word_1_78' title='bbox 2125 1201 2345 1274; x_wconf 85' lang='lat' dir='ltr'>potest,</span> <span class='ocrx_word' id='word_1_79' title='bbox 2383 1216 2515 1257; x_wconf 84' lang='lat' dir='ltr'>oum</span> 
     </span>
     <span class='ocr_line' id='line_1_12' title="bbox 614 1285 2517 1364; baseline 0.001 -19"><span class='ocrx_word' id='word_1_80' title='bbox 614 1290 801 1346; x_wconf 81' lang='lat' dir='ltr'>etiam</span> <span class='ocrx_word' id='word_1_81' title='bbox 849 1288 1277 1348; x_wconf 83' lang='lat' dir='ltr'>adieetivorum</span> <span class='ocrx_word' id='word_1_82' title='bbox 1333 1307 1489 1363; x_wconf 88' lang='lat' dir='ltr'>quae</span> <span class='ocrx_word' id='word_1_83' title='bbox 1550 1306 1733 1364; x_wconf 87' lang='lat' dir='ltr'>supra</span> <span class='ocrx_word' id='word_1_84' title='bbox 1780 1289 2125 1346; x_wconf 79' lang='lat' dir='ltr'>enumeravi</span> <span class='ocrx_word' id='word_1_85' title='bbox 2172 1285 2517 1361; x_wconf 88' lang='grc' dir='ltr'>κισσωτός,</span> 
     </span>
     <span class='ocr_line' id='line_1_13' title="bbox 617 1374 2517 1451; baseline -0.001 -16"><span class='ocrx_word' id='word_1_86' title='bbox 617 1374 995 1451; x_wconf 87' lang='grc' dir='ltr'>γομφωτός,</span> <span class='ocrx_word' id='word_1_87' title='bbox 1054 1374 1405 1450; x_wconf 84' lang='grc' dir='ltr'>δικτυωτός</span> <span class='ocrx_word' id='word_1_88' title='bbox 1452 1380 1682 1436; x_wconf 85' lang='lat' dir='ltr'>eertum</span> <span class='ocrx_word' id='word_1_89' title='bbox 1738 1376 1819 1436; x_wconf 86' lang='lat' dir='ltr'>sit</span> <span class='ocrx_word' id='word_1_90' title='bbox 1872 1378 2139 1436; x_wconf 73' lang='lat' dir='ltr'><strong>extitisse</strong></span> <span class='ocrx_word' id='word_1_91' title='bbox 2185 1377 2394 1450; x_wconf 84' lang='lat' dir='ltr'>verba,</span> <span class='ocrx_word' id='word_1_92' title='bbox 2447 1396 2517 1434; x_wconf 83' lang='lat' dir='ltr'>ex</span> 
     </span>
     <span class='ocr_line' id='line_1_14' title="bbox 614 1461 2516 1542; baseline -0.001 -18"><span class='ocrx_word' id='word_1_93' title='bbox 614 1465 833 1541; x_wconf 87' lang='lat' dir='ltr'>quibus</span> <span class='ocrx_word' id='word_1_94' title='bbox 881 1465 1152 1525; x_wconf 84' lang='lat' dir='ltr'>derivata</span> <span class='ocrx_word' id='word_1_95' title='bbox 1199 1469 1356 1524; x_wconf 85' lang='lat' dir='ltr'>sunt.</span> <span class='ocrx_word' id='word_1_96' title='bbox 1422 1485 1637 1525; x_wconf 91' lang='lat' dir='ltr'>nomen</span> <span class='ocrx_word' id='word_1_97' title='bbox 1684 1469 1887 1524; x_wconf 86' lang='lat' dir='ltr'>autem</span> <span class='ocrx_word' id='word_1_98' title='bbox 1932 1466 2130 1542; x_wconf 88' lang='lat' dir='ltr'>ipsum</span> <span class='ocrx_word' id='word_1_99' title='bbox 2175 1461 2381 1539; x_wconf 84' lang='grc' dir='ltr'>κάσος</span> <span class='ocrx_word' id='word_1_100' title='bbox 2418 1467 2516 1524; x_wconf 84' lang='lat' dir='ltr'>vel</span> 
     </span>
     <span class='ocr_line' id='line_1_15' title="bbox 618 1550 2517 1631; baseline 0 -18"><span class='ocrx_word' id='word_1_101' title='bbox 618 1550 873 1627; x_wconf 86' lang='grc' dir='ltr'>κάσσος</span> <span class='ocrx_word' id='word_1_102' title='bbox 922 1554 1083 1630; x_wconf 87' lang='lat' dir='ltr'>apud</span> <span class='ocrx_word' id='word_1_103' title='bbox 1121 1555 1489 1631; x_wconf 80' lang='lat' dir='ltr'>Hesychium</span> <span class='ocrx_word' id='word_1_104' title='bbox 1537 1555 1868 1630; x_wconf 77' lang='lat' dir='ltr'>explicatur</span> <span class='ocrx_word' id='word_1_105' title='bbox 1910 1550 2163 1630; x_wconf 80' lang='grc' dir='ltr'>ἱμάτιον</span> <span class='ocrx_word' id='word_1_106' title='bbox 2201 1552 2376 1628; x_wconf 86' lang='grc' dir='ltr'>παχὺ</span> <span class='ocrx_word' id='word_1_107' title='bbox 2415 1553 2517 1614; x_wconf 89' lang='grc' dir='ltr'>καὶ</span> 
     </span>
     <span class='ocr_line' id='line_1_16' title="bbox 619 1640 2517 1719; baseline 0 -17"><span class='ocrx_word' id='word_1_108' title='bbox 619 1640 821 1718; x_wconf 88' lang='grc' dir='ltr'>τραχὺ</span> <span class='ocrx_word' id='word_1_109' title='bbox 850 1641 1287 1717; x_wconf 86' lang='grc' dir='ltr'>περιβόλαιον,</span> <span class='ocrx_word' id='word_1_110' title='bbox 1336 1645 1442 1702; x_wconf 81' lang='lat' dir='ltr'>cfr.</span> <span class='ocrx_word' id='word_1_111' title='bbox 1472 1643 1749 1703; x_wconf 82' lang='lat' dir='ltr'>Wiloken</span> <span class='ocrx_word' id='word_1_112' title='bbox 1781 1642 2028 1703; x_wconf 78' lang='lat' dir='ltr'>Ostraca</span> <span class='ocrx_word' id='word_1_113' title='bbox 2054 1644 2087 1702; x_wconf 96' lang='lat' dir='ltr'>I</span> <span class='ocrx_word' id='word_1_114' title='bbox 2112 1664 2170 1719; x_wconf 92' lang='lat' dir='ltr'>p.</span> <span class='ocrx_word' id='word_1_115' title='bbox 2203 1646 2330 1703; x_wconf 82' lang='lat'>225</span> <span class='ocrx_word' id='word_1_116' title='bbox 2364 1644 2517 1718; x_wconf 65' lang='lat' dir='ltr'>adn„</span> 
     </span>
     <span class='ocr_line' id='line_1_17' title="bbox 614 1732 2513 1809; baseline 0.002 -20"><span class='ocrx_word' id='word_1_117' title='bbox 614 1733 725 1807; x_wconf 89' lang='lat' dir='ltr'>qui</span> <span class='ocrx_word' id='word_1_118' title='bbox 769 1733 878 1790; x_wconf 80' lang='lat' dir='ltr'>has</span> <span class='ocrx_word' id='word_1_119' title='bbox 929 1736 1118 1792; x_wconf 87' lang='lat' dir='ltr'>vestes</span> <span class='ocrx_word' id='word_1_120' title='bbox 1175 1753 1244 1791; x_wconf 83' lang='lat' dir='ltr'>ex</span> <span class='ocrx_word' id='word_1_121' title='bbox 1289 1732 1547 1808; x_wconf 85' lang='lat' dir='ltr'>pellibus</span> <span class='ocrx_word' id='word_1_122' title='bbox 1595 1732 1850 1792; x_wconf 83' lang='lat' dir='ltr'>ovilibus</span> <span class='ocrx_word' id='word_1_123' title='bbox 1900 1736 2144 1809; x_wconf 82' lang='lat' dir='ltr'>paratas</span> <span class='ocrx_word' id='word_1_124' title='bbox 2189 1733 2373 1792; x_wconf 84' lang='lat' dir='ltr'>fuisse</span> <span class='ocrx_word' id='word_1_125' title='bbox 2419 1732 2513 1792; x_wconf 88' lang='lat' dir='ltr'>de·</span> 
     </span>
     <span class='ocr_line' id='line_1_18' title="bbox 615 1821 2518 1899; baseline 0.001 -20"><span class='ocrx_word' id='word_1_126' title='bbox 615 1825 929 1881; x_wconf 83' lang='lat' dir='ltr'>monstrat.</span> <span class='ocrx_word' id='word_1_127' title='bbox 1048 1824 1215 1882; x_wconf 84' lang='lat' dir='ltr'>euius</span> <span class='ocrx_word' id='word_1_128' title='bbox 1278 1823 1442 1881; x_wconf 82' lang='lat' dir='ltr'>vocis</span> <span class='ocrx_word' id='word_1_129' title='bbox 1517 1823 1856 1898; x_wconf 85' lang='lat' dir='ltr'>exemplum</span> <span class='ocrx_word' id='word_1_130' title='bbox 1928 1841 2088 1882; x_wconf 86' lang='lat' dir='ltr'>nune</span> <span class='ocrx_word' id='word_1_131' title='bbox 2159 1822 2383 1899; x_wconf 85' lang='lat' dir='ltr'>legitur</span> <span class='ocrx_word' id='word_1_132' title='bbox 2451 1821 2518 1881; x_wconf 89' lang='lat' dir='ltr'>in</span> 
     </span>
     <span class='ocr_line' id='line_1_19' title="bbox 617 1906 2514 1987; baseline 0.001 -18"><span class='ocrx_word' id='word_1_133' title='bbox 617 1911 894 1971; x_wconf 77' lang='lat' dir='ltr'>Berliner</span> <span class='ocrx_word' id='word_1_134' title='bbox 933 1912 1254 1971; x_wconf 69' lang='lat' dir='ltr'>Urkvmden</span> <span class='ocrx_word' id='word_1_135' title='bbox 1280 1911 1374 1970; x_wconf 84' lang='lat' dir='ltr'>H]</span> <span class='ocrx_word' id='word_1_136' title='bbox 1407 1913 1553 1985; x_wconf 86' lang='grc'>759,</span> <span class='ocrx_word' id='word_1_137' title='bbox 1586 1914 1695 1970; x_wconf 83' lang='lat'>17:</span> <span class='ocrx_word' id='word_1_138' title='bbox 1743 1906 2140 1986; x_wconf 76' lang='grc' dir='ltr'>ἀφελόμενοί</span> <span class='ocrx_word' id='word_1_139' title='bbox 2178 1922 2288 1987; x_wconf 87' lang='grc' dir='ltr'>μοι·</span> <span class='ocrx_word' id='word_1_140' title='bbox 2323 1958 2514 1970; x_wconf 92' lang='grc'><strong>......</strong></span> 
     </span>
     <span class='ocr_line' id='line_1_20' title="bbox 617 1995 2516 2077; baseline 0.001 -18"><span class='ocrx_word' id='word_1_141' title='bbox 617 1997 720 2060; x_wconf 87' lang='grc' dir='ltr'>καὶ</span> <span class='ocrx_word' id='word_1_142' title='bbox 747 1995 1000 2075; x_wconf 82' lang='grc' dir='ltr'>ἱμάτιον</span> <span class='ocrx_word' id='word_1_143' title='bbox 1038 1998 1141 2062; x_wconf 87' lang='grc' dir='ltr'>καὶ</span> <span class='ocrx_word' id='word_1_144' title='bbox 1179 1997 1388 2063; x_wconf 88' lang='grc' dir='ltr'>κάσον</span> <span class='ocrx_word' id='word_1_145' title='bbox 1418 1998 1520 2061; x_wconf 81' lang='grc' dir='ltr'>καὶ</span> <span class='ocrx_word' id='word_1_146' title='bbox 1559 1996 1869 2075; x_wconf 85' lang='grc' dir='ltr'>ἀργυρίου</span> <span class='ocrx_word' id='word_1_147' title='bbox 1909 1996 2198 2077; x_wconf 82' lang='grc' dir='ltr'>δραχμὰς</span> <span class='ocrx_word' id='word_1_148' title='bbox 2235 1997 2516 2071; x_wconf 58' lang='lat' dir='ltr'>bethelem</span> 
     </span>
     <span class='ocr_line' id='line_1_21' title="bbox 615 2083 2514 2166; baseline 0.001 -19"><span class='ocrx_word' id='word_1_149' title='bbox 615 2083 924 2165; x_wconf 84' lang='lat' dir='ltr'>praeterea</span> <span class='ocrx_word' id='word_1_150' title='bbox 991 2092 1234 2150; x_wconf 88' lang='lat' dir='ltr'>verbum</span> <span class='ocrx_word' id='word_1_151' title='bbox 1297 2093 1694 2166; x_wconf 78' lang='lat' dir='ltr'>compositum</span> <span class='ocrx_word' id='word_1_152' title='bbox 1757 2109 1914 2148; x_wconf 84' lang='lat' dir='ltr'>nuno</span> <span class='ocrx_word' id='word_1_153' title='bbox 1978 2090 2250 2149; x_wconf 82' lang='lat' dir='ltr'>novimus</span> <span class='ocrx_word' id='word_1_154' title='bbox 2316 2101 2514 2150; x_wconf 86' lang='grc' dir='ltr'>κασο·</span> 
     </span>
     <span class='ocr_line' id='line_1_22' title="bbox 617 2176 2519 2254; baseline -0.001 -16"><span class='ocrx_word' id='word_1_155' title='bbox 617 2176 809 2252; x_wconf 90' lang='grc' dir='ltr'>ποιός</span> <span class='ocrx_word' id='word_1_156' title='bbox 857 2180 953 2238; x_wconf 84' lang='lat' dir='ltr'>vel</span> <span class='ocrx_word' id='word_1_157' title='bbox 991 2177 1401 2253; x_wconf 84' lang='grc' dir='ltr'>κασσοποιός</span> <span class='ocrx_word' id='word_1_158' title='bbox 1439 2200 1509 2238; x_wconf 83' lang='lat' dir='ltr'>ex</span> <span class='ocrx_word' id='word_1_159' title='bbox 1545 2180 1829 2238; x_wconf 75' lang='lat' dir='ltr'>Flinders</span> <span class='ocrx_word' id='word_1_160' title='bbox 1871 2179 2065 2238; x_wconf 79' lang='lat' dir='ltr'>Petrie</span> <span class='ocrx_word' id='word_1_161' title='bbox 2097 2179 2248 2253; x_wconf 87' lang='grc' dir='ltr'><em>ΡαΡ.</em></span> <span class='ocrx_word' id='word_1_162' title='bbox 2284 2179 2375 2254; x_wconf 91' lang='lat'>11,</span> <span class='ocrx_word' id='word_1_163' title='bbox 2397 2181 2519 2252; x_wconf 72' lang='lat'>32,</span> 
     </span>
     <span class='ocr_line' id='line_1_23' title="bbox 624 2259 2517 2349; baseline 0.002 -24"><span class='ocrx_word' id='word_1_164' title='bbox 624 2271 680 2340; x_wconf 88' lang='lat'>1,</span> <span class='ocrx_word' id='word_1_165' title='bbox 714 2269 796 2326; x_wconf 89' lang='grc'>10</span> <span class='ocrx_word' id='word_1_166' title='bbox 833 2259 1274 2349; x_wconf 87' lang='grc' dir='ltr'>(κασοποιός),</span> <span class='ocrx_word' id='word_1_167' title='bbox 1312 2268 1589 2328; x_wconf 86' lang='lat' dir='ltr'>Wileken</span> <span class='ocrx_word' id='word_1_168' title='bbox 1630 2268 1877 2328; x_wconf 59' lang='lat' dir='ltr'>Ostraea</span> <span class='ocrx_word' id='word_1_169' title='bbox 1918 2269 2084 2327; x_wconf 88' lang='grc'>1081</span> <span class='ocrx_word' id='word_1_170' title='bbox 2111 2287 2237 2344; x_wconf 88' lang='lat' dir='ltr'><strong>sqq.</strong></span> <span class='ocrx_word' id='word_1_171' title='bbox 2286 2261 2517 2348; x_wconf 68' lang='lat' dir='ltr'>(xado-</span> 
     </span>
     <span class='ocr_line' id='line_1_24' title="bbox 617 2351 2518 2438; baseline 0 -22"><span class='ocrx_word' id='word_1_172' title='bbox 617 2353 809 2430; x_wconf 87' lang='grc' dir='ltr'>ποιός</span> <span class='ocrx_word' id='word_1_173' title='bbox 849 2360 909 2415; x_wconf 85' lang='lat' dir='ltr'>et</span> <span class='ocrx_word' id='word_1_174' title='bbox 946 2351 1406 2438; x_wconf 88' lang='grc' dir='ltr'>κασσοποιός),</span> <span class='ocrx_word' id='word_1_175' title='bbox 1448 2358 1551 2416; x_wconf 82' lang='lat' dir='ltr'>cfr.</span> <span class='ocrx_word' id='word_1_176' title='bbox 1589 2358 2006 2433; x_wconf 82' lang='lat' dir='ltr'>Mayseruml.</span> <span class='ocrx_word' id='word_1_177' title='bbox 2036 2376 2081 2416; x_wconf 84' lang='lat' dir='ltr'>c.</span> <span class='ocrx_word' id='word_1_178' title='bbox 2129 2377 2186 2432; x_wconf 89' lang='lat' dir='ltr'>p</span> <span class='ocrx_word' id='word_1_179' title='bbox 2220 2359 2377 2431; x_wconf 78' lang='lat'>2153</span> <span class='ocrx_word' id='word_1_180' title='bbox 2422 2376 2518 2416; x_wconf 83' lang='lat' dir='ltr'>ao·</span> 
     </span>
     <span class='ocr_line' id='line_1_25' title="bbox 618 2441 2518 2525; baseline 0.002 -22"><span class='ocrx_word' id='word_1_181' title='bbox 618 2444 778 2503; x_wconf 81' lang='lat' dir='ltr'>cedit</span> <span class='ocrx_word' id='word_1_182' title='bbox 825 2444 999 2520; x_wconf 75' lang='lat' dir='ltr'>Oxyr.</span> <span class='ocrx_word' id='word_1_183' title='bbox 1048 2448 1194 2520; x_wconf 87' lang='grc' dir='ltr'><em>ΡαΡ.</em></span> <span class='ocrx_word' id='word_1_184' title='bbox 1240 2447 1302 2505; x_wconf 91' lang='lat' dir='ltr'>II</span> <span class='ocrx_word' id='word_1_185' title='bbox 1334 2448 1488 2505; x_wconf 89' lang='grc'>389</span> <span class='ocrx_word' id='word_1_186' title='bbox 1510 2441 1902 2524; x_wconf 87' lang='grc' dir='ltr'>κασοπ[οι..</span> <span class='ocrx_word' id='word_1_187' title='bbox 1925 2441 1987 2525; x_wconf 93' lang='grc'>..]</span> <span class='ocrx_word' id='word_1_188' title='bbox 2071 2446 2263 2505; x_wconf 87' lang='lat' dir='ltr'>forma</span> <span class='ocrx_word' id='word_1_189' title='bbox 2311 2446 2518 2520; x_wconf 85' lang='grc' dir='ltr'>κασῆς</span> 
     </span>
     <span class='ocr_line' id='line_1_26' title="bbox 618 2527 2518 2640; baseline 0.001 -48"><span class='ocrx_word' id='word_1_190' title='bbox 618 2535 844 2612; x_wconf 78' lang='lat' dir='ltr'>legitur</span> <span class='ocrx_word' id='word_1_191' title='bbox 887 2536 953 2593; x_wconf 87' lang='lat' dir='ltr'>in</span> <span class='ocrx_word' id='word_1_192' title='bbox 1005 2536 1155 2594; x_wconf 75' lang='lat' dir='ltr'>Tebt.</span> <span class='ocrx_word' id='word_1_193' title='bbox 1201 2536 1350 2640; x_wconf 86' lang='grc' dir='ltr'><em>ΡαΡ.</em></span> <span class='ocrx_word' id='word_1_194' title='bbox 1398 2534 1451 2611; x_wconf 86' lang='lat'>1,</span> <span class='ocrx_word' id='word_1_195' title='bbox 1484 2536 1594 2608; x_wconf 87' lang='grc'>38,</span> <span class='ocrx_word' id='word_1_196' title='bbox 1636 2538 1714 2594; x_wconf 86' lang='grc'>22</span> <span class='ocrx_word' id='word_1_197' title='bbox 1768 2527 1963 2615; x_wconf 83' lang='grc' dir='ltr'>(κασῇ</span> <span class='ocrx_word' id='word_1_198' title='bbox 2013 2552 2114 2594; x_wconf 89' lang='grc' dir='ltr'>και</span> <span class='ocrx_word' id='word_1_199' title='bbox 2163 2527 2518 2618; x_wconf 85' lang='grc' dir='ltr'>μηλωταῖς)</span> 
     </span>
     <span class='ocr_line' id='line_1_27' title="bbox 618 2615 2520 2705; baseline 0 -23"><span class='ocrx_word' id='word_1_200' title='bbox 618 2627 679 2682; x_wconf 83' lang='lat' dir='ltr'>et</span> <span class='ocrx_word' id='word_1_201' title='bbox 729 2626 848 2683; x_wconf 88' lang='lat'>181</span> <span class='ocrx_word' id='word_1_202' title='bbox 912 2615 1099 2705; x_wconf 83' lang='grc' dir='ltr'>(τύλη</span> <span class='ocrx_word' id='word_1_203' title='bbox 1147 2622 1358 2697; x_wconf 88' lang='grc' dir='ltr'>καινή,</span> <span class='ocrx_word' id='word_1_204' title='bbox 1407 2624 1638 2698; x_wconf 85' lang='grc' dir='ltr'>κασῆς,</span> <span class='ocrx_word' id='word_1_205' title='bbox 1697 2623 1898 2698; x_wconf 83' lang='grc' dir='ltr'>χαλκῆ</span> <span class='ocrx_word' id='word_1_206' title='bbox 1958 2619 2216 2704; x_wconf 84' lang='grc' dir='ltr'>χοῖνιξ),</span> <span class='ocrx_word' id='word_1_207' title='bbox 2281 2622 2398 2698; x_wconf 87' lang='grc' dir='ltr'>κᾶς</span> <span class='ocrx_word' id='word_1_208' title='bbox 2454 2624 2520 2682; x_wconf 90' lang='lat' dir='ltr'>in</span> 
     </span>
     <span class='ocr_line' id='line_1_28' title="bbox 621 2705 2518 2794; baseline 0 -22"><span class='ocrx_word' id='word_1_209' title='bbox 621 2712 809 2772; x_wconf 73' lang='lat' dir='ltr'>Greek</span> <span class='ocrx_word' id='word_1_210' title='bbox 853 2731 1000 2787; x_wconf 87' lang='grc' dir='ltr'><em>ΡαΡ.</em></span> <span class='ocrx_word' id='word_1_211' title='bbox 1048 2716 1120 2788; x_wconf 79' lang='lat' dir='ltr'>of</span> <span class='ocrx_word' id='word_1_212' title='bbox 1146 2715 1235 2773; x_wconf 80' lang='lat' dir='ltr'>the</span> <span class='ocrx_word' id='word_1_213' title='bbox 1281 2713 1435 2771; x_wconf 77' lang='lat' dir='ltr'>Brit.</span> <span class='ocrx_word' id='word_1_214' title='bbox 1484 2715 1647 2772; x_wconf 81' lang='lat' dir='ltr'>Mus.</span> <span class='ocrx_word' id='word_1_215' title='bbox 1684 2712 1748 2771; x_wconf 88' lang='lat' dir='ltr'>H</span> <span class='ocrx_word' id='word_1_216' title='bbox 1803 2734 1859 2789; x_wconf 90' lang='lat' dir='ltr'>p.</span> <span class='ocrx_word' id='word_1_217' title='bbox 1903 2717 2013 2787; x_wconf 91' lang='lat'>11,</span> <span class='ocrx_word' id='word_1_218' title='bbox 2046 2715 2082 2772; x_wconf 88' lang='lat'>5</span> <span class='ocrx_word' id='word_1_219' title='bbox 2134 2705 2278 2794; x_wconf 87' lang='grc' dir='ltr'>(κᾶς</span> <span class='ocrx_word' id='word_1_220' title='bbox 2329 2709 2518 2787; x_wconf 80' lang='grc' dir='ltr'>ἐφίπ-</span> 
     </span>
     <span class='ocr_line' id='line_1_29' title="bbox 620 2793 2522 2881; baseline -0.001 -20"><span class='ocrx_word' id='word_1_221' title='bbox 620 2793 817 2881; x_wconf 87' lang='grc' dir='ltr'>πιος).</span> <span class='ocrx_word' id='word_1_222' title='bbox 911 2820 981 2860; x_wconf 87' lang='lat' dir='ltr'>ex</span> <span class='ocrx_word' id='word_1_223' title='bbox 1026 2803 1327 2877; x_wconf 82' lang='lat' dir='ltr'>prioribus</span> <span class='ocrx_word' id='word_1_224' title='bbox 1365 2803 1734 2878; x_wconf 76' lang='lat' dir='ltr'>temporibus</span> <span class='ocrx_word' id='word_1_225' title='bbox 1779 2804 1926 2862; x_wconf 84' lang='lat' dir='ltr'>haee</span> <span class='ocrx_word' id='word_1_226' title='bbox 1963 2821 2075 2861; x_wconf 85' lang='lat' dir='ltr'>vox</span> <span class='ocrx_word' id='word_1_227' title='bbox 2124 2805 2266 2862; x_wconf 86' lang='lat' dir='ltr'>nota</span> <span class='ocrx_word' id='word_1_228' title='bbox 2313 2804 2405 2860; x_wconf 85' lang='lat' dir='ltr'>est</span> <span class='ocrx_word' id='word_1_229' title='bbox 2450 2821 2522 2861; x_wconf 82' lang='lat' dir='ltr'>ex</span> 
     </span>
     <span class='ocr_line' id='line_1_30' title="bbox 620 2884 2523 2972; baseline 0 -23"><span class='ocrx_word' id='word_1_230' title='bbox 620 2892 746 2950; x_wconf 88' lang='lat' dir='ltr'>solo</span> <span class='ocrx_word' id='word_1_231' title='bbox 801 2891 1194 2967; x_wconf 89' lang='lat' dir='ltr'>Xenophonte</span> <span class='ocrx_word' id='word_1_232' title='bbox 1250 2889 1467 2967; x_wconf 82' lang='lat' dir='ltr'>Cyrop.</span> <span class='ocrx_word' id='word_1_233' title='bbox 1517 2892 1583 2965; x_wconf 88' lang='grc'>8,</span> <span class='ocrx_word' id='word_1_234' title='bbox 1624 2893 1691 2965; x_wconf 88' lang='lat'>3,</span> <span class='ocrx_word' id='word_1_235' title='bbox 1731 2892 1767 2949; x_wconf 90' lang='grc'>6</span> <span class='ocrx_word' id='word_1_236' title='bbox 1826 2890 2065 2970; x_wconf 82' lang='grc' dir='ltr'>(κασᾶς</span> <span class='ocrx_word' id='word_1_237' title='bbox 2118 2884 2523 2972; x_wconf 85' lang='grc' dir='ltr'>ἐφιππίους).</span> 
     </span>
    </p>

    <p class='ocr_par' dir='ltr' id='par_1_3' title="bbox 484 2979 2527 3500">
     <span class='ocr_line' id='line_1_31' title="bbox 484 2979 2523 3056; baseline 0.001 -20"><span class='ocrx_word' id='word_1_238' title='bbox 484 2979 956 3040; x_wconf 87' lang='grc' dir='ltr'>καταπονεῑν</span> <span class='ocrx_word' id='word_1_239' title='bbox 1011 2981 1336 3054; x_wconf 63' lang='lat' dir='ltr'>defatigare</span> <span class='ocrx_word' id='word_1_240' title='bbox 1400 2981 1469 3039; x_wconf 79' lang='lat' dir='ltr'>fir.</span> <span class='ocrx_word' id='word_1_241' title='bbox 1500 2979 1556 3054; x_wconf 93' lang='lat' dir='ltr'>I,</span> <span class='ocrx_word' id='word_1_242' title='bbox 1588 2981 1624 3038; x_wconf 89' lang='lat'>5</span> <span class='ocrx_word' id='word_1_243' title='bbox 1690 2982 1755 3038; x_wconf 91' lang='lat' dir='ltr'>in</span> <span class='ocrx_word' id='word_1_244' title='bbox 1819 2981 2065 3056; x_wconf 80' lang='lat' dir='ltr'>papyris</span> <span class='ocrx_word' id='word_1_245' title='bbox 2128 2980 2353 3056; x_wconf 86' lang='lat' dir='ltr'>legitur</span> <span class='ocrx_word' id='word_1_246' title='bbox 2417 2980 2523 3038; x_wconf 70' lang='lat' dir='ltr'>cfr.</span> 
     </span>
     <span class='ocr_line' id='line_1_32' title="bbox 619 3067 2523 3150; baseline 0.001 -24"><span class='ocrx_word' id='word_1_247' title='bbox 619 3068 959 3143; x_wconf 86' lang='lat' dir='ltr'>Mayserum</span> <span class='ocrx_word' id='word_1_248' title='bbox 997 3071 1034 3127; x_wconf 91' lang='lat' dir='ltr'>l.</span> <span class='ocrx_word' id='word_1_249' title='bbox 1066 3086 1113 3129; x_wconf 84' lang='lat' dir='ltr'>e.</span> <span class='ocrx_word' id='word_1_250' title='bbox 1150 3090 1207 3145; x_wconf 92' lang='lat' dir='ltr'>p.</span> <span class='ocrx_word' id='word_1_251' title='bbox 1240 3071 1368 3128; x_wconf 86' lang='grc'>407</span> <span class='ocrx_word' id='word_1_252' title='bbox 1401 3067 1623 3150; x_wconf 74' lang='lat' dir='ltr'>(Greek</span> <span class='ocrx_word' id='word_1_253' title='bbox 1638 3087 1785 3143; x_wconf 85' lang='grc' dir='ltr'><em>ΡαΡ.</em></span> <span class='ocrx_word' id='word_1_254' title='bbox 1816 3069 1971 3127; x_wconf 77' lang='lat' dir='ltr'>Brit.</span> <span class='ocrx_word' id='word_1_255' title='bbox 1999 3070 2163 3128; x_wconf 80' lang='lat' dir='ltr'>Mus.</span> <span class='ocrx_word' id='word_1_256' title='bbox 2192 3069 2224 3127; x_wconf 91' lang='lat' dir='ltr'>I</span> <span class='ocrx_word' id='word_1_257' title='bbox 2250 3089 2308 3145; x_wconf 90' lang='lat' dir='ltr'>p.</span> <span class='ocrx_word' id='word_1_258' title='bbox 2341 3071 2470 3128; x_wconf 89' lang='grc'>232</span> <span class='ocrx_word' id='word_1_259' title='bbox 2512 3116 2523 3127; x_wconf 94' lang='grc'><strong>.</strong></span> 
     </span>
     <span class='ocr_line' id='line_1_33' title="bbox 620 3063 2526 3239; baseline 0.001 -23"><span class='ocrx_word' id='word_1_260' title='bbox 620 3162 764 3217; x_wconf 87' lang='lat' dir='ltr'>nota</span> <span class='ocrx_word' id='word_1_261' title='bbox 811 3162 903 3216; x_wconf 81' lang='lat' dir='ltr'>est</span> <span class='ocrx_word' id='word_1_262' title='bbox 946 3177 1064 3217; x_wconf 84' lang='lat' dir='ltr'>vox</span> <span class='ocrx_word' id='word_1_263' title='bbox 1110 3161 1291 3218; x_wconf 87' lang='lat' dir='ltr'>etiam</span> <span class='ocrx_word' id='word_1_264' title='bbox 1340 3178 1412 3217; x_wconf 84' lang='lat' dir='ltr'>ex</span> <span class='ocrx_word' id='word_1_265' title='bbox 1447 3158 1783 3226; x_wconf 7' lang='lat' dir='ltr'>,Menandro</span> <span class='ocrx_word' id='word_1_266' title='bbox 1823 3150 2019 3238; x_wconf 80' lang='lat' dir='ltr'>(Stob.</span> <span class='ocrx_word' id='word_1_267' title='bbox 2065 3158 2191 3218; x_wconf 87' lang='lat' dir='ltr'>flor.</span> <span class='ocrx_word' id='word_1_268' title='bbox 2243 3159 2345 3232; x_wconf 84' lang='lat'>29,</span> <span class='ocrx_word' id='word_1_269' title='bbox 2389 3063 2526 3239; x_wconf 55' lang='lat'>193,</span> 
     </span>
     <span class='ocr_line' id='line_1_34' title="bbox 618 3246 2526 3324; baseline 0 -18"><span class='ocrx_word' id='word_1_270' title='bbox 618 3246 942 3306; x_wconf 80' lang='lat' dir='ltr'>Plutarcho</span> <span class='ocrx_word' id='word_1_271' title='bbox 955 3292 971 3322; x_wconf 91' lang='lat'>,</span> <span class='ocrx_word' id='word_1_272' title='bbox 1016 3246 1297 3324; x_wconf 78' lang='lat' dir='ltr'>Polybio,</span> <span class='ocrx_word' id='word_1_273' title='bbox 1342 3247 1636 3321; x_wconf 87' lang='lat' dir='ltr'>Diodoro,</span> <span class='ocrx_word' id='word_1_274' title='bbox 1691 3248 1835 3321; x_wconf 88' lang='lat' dir='ltr'>NT,</span> <span class='ocrx_word' id='word_1_275' title='bbox 1884 3247 2046 3320; x_wconf 73' lang='lat' dir='ltr'>aliis,</span> <span class='ocrx_word' id='word_1_276' title='bbox 2103 3266 2172 3306; x_wconf 85' lang='lat' dir='ltr'>ex</span> <span class='ocrx_word' id='word_1_277' title='bbox 2218 3247 2526 3307; x_wconf 83' lang='lat' dir='ltr'>Atticistis</span> 
     </span>
     <span class='ocr_line' id='line_1_35' title="bbox 621 3335 2527 3412; baseline -0.001 -17"><span class='ocrx_word' id='word_1_278' title='bbox 621 3353 856 3412; x_wconf 89' lang='lat' dir='ltr'>quoque</span> <span class='ocrx_word' id='word_1_279' title='bbox 927 3336 1103 3396; x_wconf 89' lang='lat' dir='ltr'>Dion.</span> <span class='ocrx_word' id='word_1_280' title='bbox 1178 3336 1399 3412; x_wconf 85' lang='lat' dir='ltr'>Halie.,</span> <span class='ocrx_word' id='word_1_281' title='bbox 1481 3335 1675 3395; x_wconf 87' lang='lat' dir='ltr'>Dione</span> <span class='ocrx_word' id='word_1_282' title='bbox 1752 3335 1984 3412; x_wconf 74' lang='lat' dir='ltr'>Chrys,</span> <span class='ocrx_word' id='word_1_283' title='bbox 2058 3336 2342 3410; x_wconf 84' lang='lat' dir='ltr'>Aeliano,</span> <span class='ocrx_word' id='word_1_284' title='bbox 2419 3337 2527 3395; x_wconf 78' lang='lat' dir='ltr'>cfr.</span> 
     </span>
     <span class='ocr_line' id='line_1_36' title="bbox 620 3424 2042 3500; baseline 0.001 -18"><span class='ocrx_word' id='word_1_285' title='bbox 620 3425 714 3483; x_wconf 92' lang='lat' dir='ltr'>W.</span> <span class='ocrx_word' id='word_1_286' title='bbox 745 3424 1112 3485; x_wconf 79' lang='lat' dir='ltr'>Schmidium</span> <span class='ocrx_word' id='word_1_287' title='bbox 1158 3426 1198 3484; x_wconf 93' lang='grc'>1.</span> <span class='ocrx_word' id='word_1_288' title='bbox 1228 3445 1277 3485; x_wconf 84' lang='lat' dir='ltr'>e.</span> <span class='ocrx_word' id='word_1_289' title='bbox 1321 3425 1355 3483; x_wconf 91' lang='lat' dir='ltr'>I</span> <span class='ocrx_word' id='word_1_290' title='bbox 1395 3426 1541 3500; x_wconf 88' lang='lat'>160,</span> <span class='ocrx_word' id='word_1_291' title='bbox 1572 3427 1727 3499; x_wconf 77' lang='lat'>3653</span> <span class='ocrx_word' id='word_1_292' title='bbox 1773 3424 1867 3483; x_wconf 91' lang='grc' dir='ltr'>ΙΠ</span> <span class='ocrx_word' id='word_1_293' title='bbox 1897 3427 2042 3484; x_wconf 89' lang='grc'><strong>244.</strong></span> 
     </span>
    </p>

    <p class='ocr_par' dir='ltr' id='par_1_4' title="bbox 485 3511 2531 3680">
     <span class='ocr_line' id='line_1_37' title="bbox 485 3511 2527 3591; baseline 0 -18"><span class='ocrx_word' id='word_1_294' title='bbox 485 3511 987 3589; x_wconf 83' lang='grc' dir='ltr'>κατατρέχειν</span> <span class='ocrx_word' id='word_1_295' title='bbox 1016 3531 1160 3575; x_wconf 90' lang='grc' dir='ltr'>τινα</span> <span class='ocrx_word' id='word_1_296' title='bbox 1206 3516 1276 3573; x_wconf 90' lang='lat' dir='ltr'>fr.</span> <span class='ocrx_word' id='word_1_297' title='bbox 1306 3514 1426 3573; x_wconf 91' lang='lat' dir='ltr'>XII</span> <span class='ocrx_word' id='word_1_298' title='bbox 1454 3515 1565 3573; x_wconf 85' lang='lat' dir='ltr'>eol.</span> <span class='ocrx_word' id='word_1_299' title='bbox 1594 3513 1624 3571; x_wconf 90' lang='grc' dir='ltr'>Ι</span> <span class='ocrx_word' id='word_1_300' title='bbox 1647 3516 1683 3573; x_wconf 88' lang='lat'><strong>3</strong></span> <span class='ocrx_word' id='word_1_301' title='bbox 1742 3514 2038 3574; x_wconf 84' lang='lat' dir='ltr'>translata</span> <span class='ocrx_word' id='word_1_302' title='bbox 2084 3513 2527 3591; x_wconf 75' lang='lat' dir='ltr'>significatione</span> 
     </span>
     <span class='ocr_line' id='line_1_38' title="bbox 619 3602 2531 3680; baseline -0.001 -17"><span class='ocrx_word' id='word_1_303' title='bbox 619 3606 919 3672; x_wconf 70' lang='lat' dir='ltr'>insectari,</span> <span class='ocrx_word' id='word_1_304' title='bbox 982 3605 1412 3678; x_wconf 79' lang='lat' dir='ltr'>reprehendere.</span> <span class='ocrx_word' id='word_1_305' title='bbox 1524 3605 1607 3662; x_wconf 84' lang='lat' dir='ltr'>sie</span> <span class='ocrx_word' id='word_1_306' title='bbox 1670 3605 1899 3680; x_wconf 87' lang='lat' dir='ltr'>primus</span> <span class='ocrx_word' id='word_1_307' title='bbox 1962 3602 2208 3663; x_wconf 84' lang='lat' dir='ltr'>verbum</span> <span class='ocrx_word' id='word_1_308' title='bbox 2266 3607 2531 3680; x_wconf 86' lang='lat' dir='ltr'>usurpat</span> 
     </span>
    </p>
   </div>
  </div>
 </body>
</html>
