2693 4100
1186 191 1546 246 ...VI-

345 360 492 434 sint,
549 364 750 419 tamen
805 361 964 419 hand
1024 379 1216 436 pauca
1261 361 1527 421 nondum
1573 361 1874 437 expedita,
1930 361 2218 420 nonnulla
2263 381 2382 421 non

347 452 507 508 recte
552 449 860 509 intellecta
897 468 1023 509 esse
1059 450 1209 508 mihi
1244 449 1538 509 videntur.
1630 469 1771 509 nam
1812 469 2003 525 neque
2041 453 2380 510 contextum

345 538 543 615 ipsum
591 539 810 613 ubique
847 541 1007 598 recte
1045 542 1394 616 perceptum
1436 559 1626 615 neque
1663 558 1895 616 semper
1928 539 2107 599 rectis
2144 541 2378 616 supple-

343 629 560 687 mentis
616 630 860 688 auctum
917 646 1108 703 neque
1162 629 1635 707 fragmentorum
1690 628 1958 687 ordinem
2016 647 2247 704 semper
2290 649 2379 686 re-

345 716 624 775 stitutum
680 735 807 776 esse
861 720 1027 793 puto,
1128 717 1385 791 accedit,
1441 718 1602 792 quod
1671 718 1742 776 de
1799 718 2087 792 scriptore
2144 737 2380 793 quoque

345 824 450 864 seu
485 803 558 864 de
596 805 983 880 scriptoribus
1016 838 1097 846 -
1137 825 1278 865 nam
1316 808 1495 865 etiam
1536 805 1723 883 ipsius
1760 806 2007 882 Epicuri
2042 808 2381 885 fragmenta

342 898 580 954 servata
627 898 767 953 sunt
793 927 882 935 ——-
910 895 1097 954 falsae
1134 896 1460 954 nonnullae
1496 897 1569 954 ut
1602 897 1751 953 mihi
1783 896 2063 956 videntur
2096 888 2381 974 vulgatae

341 986 483 1042 sunt
529 982 854 1060 opiniones.
954 986 1264 1061 praeterea
1310 1000 1430 1043 non
1475 984 1691 1043 inutile
1738 1003 1862 1044 esse
1908 987 2056 1060 puto
2103 1004 2241 1044 cum
2286 984 2379 1043 his

342 1091 497 1147 quae
542 1073 841 1150 Diogenes
895 1073 1143 1149 praebet
1187 1092 1419 1149 semper
1465 1077 1660 1133 cetera
1706 1074 2011 1133 doctrinae
2050 1075 2378 1150 Epicureae

329 1161 697 1221 documenta
725 1181 1094 1238 componere,
1132 1164 1485 1238 praesertim
1514 1181 1651 1221 cum
1687 1163 1799 1222 hoc
1828 1163 2003 1223 modo
2040 1163 2103 1222 id
2143 1183 2379 1239 quoque

342 1250 537 1309 videri
581 1253 797 1326 possit,
862 1252 1071 1327 quanti
1120 1271 1190 1310 ea
1238 1252 1609 1310 aestimanda
1655 1252 1791 1311 sint.
1895 1271 2045 1327 quae
2103 1272 2236 1312 cum
2291 1256 2380 1312 ita

341 1341 479 1414 sint,
526 1340 791 1399 animum
844 1340 1054 1398 induxi
1107 1343 1177 1398 ut
1220 1340 1508 1419 Diogenis
1563 1341 1901 1419 fragmenta
1956 1361 2024 1401 eo
2082 1344 2187 1417 qui
2230 1342 2380 1400 mihi

339 1428 668 1503 probabilis
708 1447 834 1488 esse
863 1429 1166 1488 videretur
1193 1431 1400 1489 ordine
1428 1449 1818 1506 proponerem
1848 1432 1909 1489 et
1934 1432 2375 1506 interpretarer.

351 1517 454 1576 sed
501 1520 680 1577 antea
734 1518 807 1578 de
861 1519 1333 1597 fragmentorum
1389 1520 1594 1578 ordine
1647 1521 1806 1578 ratio
1853 1519 2153 1579 reddenda
2200 1524 2258 1579 et
2304 1520 2377 1577 de

338 1609 606 1681 personis
653 1610 1013 1683 scriptorum
1059 1608 1206 1683 quid
1251 1609 1403 1667 mihi
1447 1609 1725 1668 videatur
1761 1609 2075 1667 dicendum
2122 1613 2227 1669 est.

1216 1928 1414 2006 Caput
1457 1930 1503 1988 Ι.

822 2073 920 2131 De
966 2072 1395 2132 ordinandis
1441 2074 1891 2151 fragmentis.

470 2231 607 2290 Non
672 2233 871 2290 omnia
946 2235 1284 2312 fragmenta
1351 2233 1427 2292 ad
1497 2234 1653 2293 idem
1710 2236 1998 2309 scriptum
2061 2235 2376 2310 pertinere,

336 2319 440 2378 sed
495 2320 860 2380 diversorum
920 2322 1278 2397 scriptorum
1330 2323 1616 2398 reliquias
1680 2322 1851 2394 nobis
1916 2325 2184 2383 servatas
2249 2341 2376 2383 esse

334 2409 459 2466 iam
507 2407 727 2469 Cousin
772 2411 926 2469 vidit
973 2414 1033 2469 et
1077 2428 1186 2469 nos
1231 2430 1389 2470 nunc
1434 2412 1499 2469 in
1535 2411 1859 2471 novissima
1898 2412 2158 2471 editione
2194 2412 2377 2470 innisi

335 2498 529 2556 multo
567 2499 780 2559 melius
816 2503 1082 2559 statuere
1116 2519 1449 2575 possumus.
1505 2500 1711 2576 itaque
1748 2501 1861 2559 hoc
1896 2502 2157 2576 primum
2196 2520 2375 2579 agen-

336 2585 478 2645 dum
524 2590 615 2647 est
659 2588 754 2646 illi
800 2590 903 2664 qui
948 2589 1021 2648 de
1067 2588 1160 2649 his
1205 2590 1557 2667 fragmentis
1603 2590 1874 2664 disserat,
1919 2592 1988 2647 ut
2034 2608 2141 2651 suo
2190 2591 2375 2665 quod-

335 2695 450 2751 que
496 2677 901 2754 fragmentum
947 2678 1316 2737 attribuatur
1361 2681 1599 2755 scripto.
1711 2678 1878 2738 cuius
1932 2679 2197 2738 muneris
2247 2698 2372 2737 ma-

335 2783 520 2841 gnam
583 2770 818 2842 partem
873 2767 995 2825 iam
1039 2768 1349 2827 solverunt
1394 2767 1649 2827 editores
1662 2813 1676 2842 ,
1736 2768 1839 2827 sed
1892 2787 2031 2827 cum
2083 2769 2375 2827 nonnulla

332 2854 544 2912 relicta
590 2856 728 2930 sint,
775 2855 847 2915 de
893 2856 1006 2915 hac
1052 2876 1288 2932 quoque
1333 2878 1399 2915 re
1445 2857 1617 2917 nobis
1664 2857 2093 2933 disputandum
2138 2860 2247 2917 est.

469 2943 603 3002 Duo
658 2946 723 3002 in
775 2944 1128 3022 fragmentis
1186 2946 1523 3023 digerendis
1579 2946 1751 3005 nobis
1818 2947 2149 3005 offeruntur
2202 2966 2372 3022 prae-

333 3031 508 3105 sidia,
554 3034 777 3108 species
824 3033 1093 3109 lapidum
1131 3037 1193 3094 et
1229 3038 1662 3113 argumentum.
1743 3034 1815 3094 de
1862 3036 2057 3110 specie
2102 3034 2374 3110 lapidum

332 3121 500 3195 prius
557 3123 854 3199 agendum
917 3125 1024 3183 est.
1131 3127 1311 3199 atque
1381 3144 1502 3183 non
1563 3142 1711 3199 opus
1773 3142 1899 3183 esse
1957 3127 2108 3199 puto
2170 3125 2373 3183 omnia

333 3208 431 3267 hic
468 3209 687 3269 iterum
725 3202 1069 3286 describere,
1108 3212 1212 3272 sed
1248 3213 1472 3273 sufficit
1509 3212 1587 3272 ad
1622 3213 2011 3272 novissimam
2049 3213 2368 3272 editionem

332 3291 529 3377 (Bun.
577 3300 649 3358 de
693 3318 838 3359 corr.
896 3302 1051 3360 Hell.
1099 3301 1267 3382 XXI)
1333 3305 1394 3362 te
1456 3320 1759 3376 revocare,
1825 3302 1930 3360 ubi
1994 3321 2064 3361 ea
2128 3301 2267 3360 inde
2335 3321 2371 3361 a

330 3405 467 3464 pag.
510 3389 636 3446 348
694 3388 992 3466 descripta
1048 3392 1110 3449 et
1162 3394 1372 3466 postea
1428 3391 1664 3467 depicta
1710 3394 1892 3467 atque
1940 3392 2233 3450 accuratis
2279 3392 2369 3449 in-

331 3475 504 3535 diciis
560 3477 851 3537 instructa
907 3480 1156 3539 invenis.
1256 3481 1368 3540 hoc
1434 3482 1626 3540 solum
1681 3500 1837 3540 nunc
1893 3479 2205 3539 dicendum
2262 3483 2371 3552 est,

327 3563 669 3642 fragmenta
716 3573 775 3627 et
814 3568 1135 3628 altitudine
1171 3570 1443 3646 lapidum
1482 3573 1543 3629 et
1578 3570 1990 3647 magnitudine
2029 3570 2372 3628 Iltterarum
