2693 4100
1200 224 1643 288 -78-...

406 384 696 454 putaveris
750 383 960 438 Colotis
1018 382 1224 436 librum
1283 381 1356 436 ab
1413 397 1477 436 eo
1533 385 1862 451 usurpatum
1916 399 2052 437 esse.
2146 381 2454 436 dolendum

402 458 515 524 est,
570 456 954 526 fragmentum
997 454 1093 508 hic
1140 454 1415 522 abrumpi.
1458 485 1523 493 —
1572 453 1845 523 Epicurus
1884 457 2070 509 autem
2110 454 2232 521 ipse
2272 452 2457 521 quali·

406 530 556 583 tates
608 543 800 582 omnes
855 543 1150 595 corporum
1197 525 1393 579 divisit
1439 525 1497 578 in
1545 528 1935 593 συμβεβηκότα
1971 528 2030 580 elz
2066 528 2458 592 συμπτώματα

404 599 526 669 (Ep.
588 616 674 668 ep.
704 598 730 651 Ι
791 604 820 663 ξ
851 603 920 650 68
946 599 1116 666 sqq),
1172 596 1275 650 illa
1331 612 1568 666 semper,
1621 597 1761 650 haec
1816 614 1929 651 non
1987 612 2204 665 semper
2258 613 2455 664 corpo·

404 671 562 724 ribus
603 671 799 724 adesse
838 671 1111 734 statuens,
1150 670 1322 736 atque
1353 669 1424 722 de
1451 668 1566 721 illis
1598 668 1740 722 dicit
1777 670 1938 736 ,,οὐδ’
1973 672 2051 733 ώς
2088 669 2214 722 καθ’
2250 669 2458 732 ἑαυτάς

403 743 507 797 εἰσι
568 744 769 809 φύσεις
825 743 1146 808 δοξαστέον,
1177 781 1333 794 .....
1375 743 1534 794 οὔτε
1593 742 1765 805 ὅλως
1811 743 1897 804 ὡς
1943 743 2065 794 οὔκ
2112 740 2313 805 εἰσιν,
2356 739 2456 807 (de

402 812 726 867 Democrito
766 811 966 880 opinor
1003 810 1280 880 cogitans)
1336 811 1460 865 οὐδ’
1496 814 1575 876 ώς
1611 812 1755 878 ἕτερ’
1800 814 1941 865 ἄττα
1978 813 2456 879 προσυπάρχοντα

401 887 592 954 τούτῳ
644 886 942 951 ἀσώματα,
992 883 1115 937 οὐδ’
1152 884 1231 947 ὡς
1270 884 1436 950 μόρια
1472 885 1681 936 τούτου
1722 887 1837 936 κτλ.
1877 914 1943 922 -
1982 882 2291 937 Democriti
2326 898 2455 936 sen-

403 955 590 1009 tentia
646 957 783 1009 nota
840 956 926 1007 est
983 953 1070 1023 (fr.
1113 960 1215 1007 125
1261 953 1418 1008 Diels
1467 952 1650 1008 Vors.²
1685 971 1740 1022 p.
1769 959 1894 1020 408,
1925 957 2013 1024 17)
2068 957 2225 1024 νόμῳ
2273 954 2457 1021 χροιή,

405 1030 563 1096 νόμῳ
603 1029 796 1093 γλυκύ,
835 1027 994 1092 νόμω
1032 1027 1247 1093 πικρόν,
1288 1025 1416 1094 ἐτεῇ
1457 1025 1507 1080 δ’
1543 1027 1726 1090 ἄτομα
1764 1028 1855 1079 καί
1891 1027 2072 1080 κενόν.

555 1099 641 1152 fr.
673 1097 789 1152 vll
838 1078 996 1151 col]
1037 1113 1088 1150 v.
1121 1101 1152 1149 9
1191 1098 1249 1149 et
1283 1095 1337 1148 Π
1383 1115 1430 1150 v.
1461 1101 1496 1148 4
1542 1098 1724 1160 οὕτως
1772 1094 1893 1150 scil.
1931 1113 1997 1151 ea
2032 1097 2456 1167 siqnifioetione.

405 1171 599 1236 „Nam
636 1171 688 1222 si
722 1169 786 1220 in
822 1168 925 1222 illa
953 1168 1271 1234 definitione
1308 1170 1378 1236 (v.
1401 1170 1456 1236 4)
1488 1184 1665 1222 vooem
1690 1166 1831 1221 m&
1868 1170 1952 1222 ita
1979 1169 2220 1238 intelleyi
2243 1169 2457 1233 volu-tt,

405 1248 468 1295 ut
516 1242 784 1309 imayines
830 1256 1060 1308 corpora
1107 1240 1325 1306 quidem
1371 1241 1626 1305 habeant,
1670 1240 1829 1293 valde
1867 1247 2049 1294 tamen
2084 1242 2303 1305 mia,
2339 1256 2459 1292 non

408 1319 540 1380 apto
581 1314 738 1365 verbo
775 1316 1068 1365 utunturf‘

553 1382 656 1437 col.
686 1382 736 1435 Π
789 1400 838 1434 ν.
873 1386 1027 1435 1-3,
1113 1396 1257 1449 quae
1305 1379 1607 1434 simulacra
1654 1381 1874 1436 efficere
1924 1384 2184 1450 possunt,
2236 1398 2306 1441 ea
2342 1400 2459 1438 non

403 1471 583 1508 vacua
620 1470 729 1521 app
744 1452 919 1507 ellare
956 1451 1127 1506 debet
1164 1452 1262 1505 sed
1301 1469 1549 1521 corpora.
1618 1452 1715 1505 cfr.
1754 1453 1857 1523 Ep.
1897 1468 1982 1521 ep.
2022 1452 2049 1505 Ι
2076 1459 2142 1507 67
2181 1457 2248 1507 τὸ
2287 1456 2458 1509 κενὸν

408 1529 540 1580 οὔτε
577 1529 808 1592 ποιῆσαι
847 1527 979 1578 οὔτε
1016 1529 1215 1578 παθεῖν
1253 1526 1499 1578 δύναται.
1563 1522 1739 1578 Stoici
1778 1540 2000 1594 quoque
2029 1525 2141 1593 ipsi
2168 1524 2313 1578 nihil
2342 1524 2458 1579 nisi

410 1614 610 1665 corpus
651 1595 872 1663 aliquid
909 1594 1095 1648 faeere
1132 1611 1298 1663 posse
1334 1594 1544 1649 volunt.

553 1686 600 1721 v.
632 1674 664 1721 6
722 1669 753 1721 ὃ
802 1669 870 1733 δὴ
921 1671 1009 1721 καὶ
1065 1670 1271 1734 μᾶλλον
1329 1669 1663 1736 βούλονται]
1746 1667 1901 1731 vide,
1958 1670 2023 1721 ut
2067 1668 2127 1720 in
2175 1667 2349 1721 simili
2395 1684 2460 1722 re

410 1738 810 1793 difficultatem
849 1738 1060 1792 evitare
1099 1738 1366 1791 stradeant
1395 1738 1546 1807 apud
1574 1737 1736 1808 Diog.
1766 1737 1949 1792 Laert.
1971 1738 2074 1792 VII
2099 1745 2164 1792 61
2206 1741 2460 1807 ἐννόημα

411 1813 471 1865 δέ
512 1813 630 1865 ἐστι
668 1812 971 1876 φάντασμα
1010 1810 1268 1876 διανοίας,
1310 1811 1441 1864 οὔτε
1477 1827 1531 1864 τι
1569 1811 1635 1864 ὂν
1675 1813 1806 1864 οὔτε
1843 1812 2024 1877 ποιόν,
2064 1814 2269 1865 ὡσανεὶ
2308 1814 2370 1865 δέ
2403 1830 2460 1865 τι

417 1885 484 1936 ὃν
522 1885 611 1935 καὶ
651 1884 855 1935 ώσανεί
892 1882 1072 1935 ποιόν.

553 1971 602 2005 v.
636 1958 836 2006 9—11:
895 1952 1159 2020 quomodo
1205 1969 1466 2019 vacuum,
1521 1955 1572 2005 8ιῖ
1616 1969 1685 2005 ne
1728 1959 1905 2007 eoestat
1950 1954 2165 2021 quidem
2221 1953 2276 2022 (i.
2318 1969 2365 2007 e.
2408 1954 2460 2007 si

412 2041 615 2095 eorpus
651 2041 761 2079 non
801 2023 994 2092 habet,
1033 2022 1130 2077 cfr.
1170 2041 1221 2077 v.
1253 2025 1324 2093 ὅ),
1362 2025 1589 2092 speciem
1626 2025 1874 2094 aliquam
1910 2025 2137 2080 induere
2166 2024 2387 2094 potest?

555 2097 637 2151 fr.
669 2095 820 2150 VIII
859 2095 963 2149 col.
992 2096 1032 2149 I.
1109 2095 1300 2163 agitur
1337 2096 1408 2148 de
1446 2094 1739 2149 stellarum
1775 2099 1949 2151 motu.

557 2186 603 2220 v.
636 2171 667 2220 3
708 2168 825 2221 ἀλλ’
853 2168 906 2221 οί
936 2170 1060 2234 μὲν.
1085 2208 1096 2220 .
1120 2210 1131 2220 .
1157 2168 1439 2233 ,ἀλλήλοις
1476 2170 1850 2236 συναντῶσιν]
1890 2167 1987 2221 cfr.
2018 2168 2120 2236 Ep.
2161 2184 2247 2236 ep.
2279 2168 2332 2221 ΙΙ
2355 2174 2461 2222 114

410 2242 536 2293 τινὰ
584 2241 762 2305 ἄστρα
809 2239 1220 2305 ὑπολειπόμενά
1266 2257 1438 2292 τινων
1487 2244 1813 2306 θεωρεῖσθαι
1851 2240 2139 2306 συμβαίνει
2177 2243 2266 2294 καὶ
2302 2243 2460 2308 παρὰ

412 2313 479 2365 τὸ
512 2350 704 2363 ......
746 2313 835 2363 καὶ
872 2311 1022 2376 παρὰ
1059 2311 1125 2363 τὸ
1162 2312 1270 2376 τὴν
1307 2311 1566 2364 ἐναντίαν
1605 2316 1870 2365 κινεῖσθαι
1909 2313 2304 2378 ἀντισπώμενα
2344 2314 2461 2366 ὑπὸ

413 2384 679 2448 τοιαύτης
725 2381 894 2447 δίνης.
970 2380 1105 2433 luna
1160 2382 1218 2434 et
1264 2380 1465 2434 stellae
1512 2382 1681 2448 fixae,
1740 2388 1802 2434 ut
1848 2381 2167 2451 exemplum
2205 2381 2462 2449 afferam,

417 2452 763 2507 eontrarium
802 2469 1024 2505 cursum
1062 2453 1253 2506 tenere
1289 2452 1567 2507 videntur.

557 2541 604 2576 v.
638 2529 684 2575 5.
744 2523 796 2576 οί
835 2524 935 2590 μὲν
981 2525 1083 2577 τὸν
1130 2525 1302 2591 ὀρθὸν
1351 2526 1459 2588 ἕως
1501 2527 1654 2588 τινὸς
1701 2530 2025 2592 περαιοῦσιν
2065 2526 2317 2593 δρόμον.]
2359 2526 2460 2579 cfr.

415 2592 596 2648 Praef.
626 2612 680 2663 p.
712 2593 917 2647 XXXV
946 2626 1012 2633 —
1043 2596 1150 2659 ἕως
1176 2597 1343 2660 τινός,
1383 2595 1534 2663 quod
1575 2595 1646 2648 ad
1687 2597 1859 2663 ὀρθόν
1896 2595 2179 2664 pertinere
2217 2595 2462 2664 videtur,

418 2683 517 2720 our
557 2664 712 2719 dieat
749 2665 955 2720 neseio.

559 2755 606 2789 V.
640 2742 667 2789 7
709 2738 874 2791 λοξὸν
912 2737 962 2790 δ’
999 2738 1202 2805 ἕτεροι]
1241 2736 1338 2791 ost.
1371 2737 1472 2806 Ep.
1505 2754 1590 2805 ep.
1621 2737 1671 2790 H
1702 2742 1768 2790 93
1799 2737 1916 2806 (Ue.
1948 2756 2002 2807 p.
2025 2743 2134 2805 40),
2170 2738 2269 2792 ubi
2309 2756 2462 2794 oom-

417 2808 607 2877 plures
647 2807 766 2860 eius
803 2810 989 2861 motus
1028 2825 1223 2861 causas
1261 2808 1494 2861 invenis,

559 2896 608 2932 v.
642 2884 672 2932 9
725 2880 777 2933 οἱ
824 2882 885 2933 δὲ
930 2882 1032 2933 τὸν
1070 2881 1246 2933 αὐτοῦ
1286 2883 1493 2934 κύκλον
1530 2882 1674 2949 στρ.]
1714 2879 1811 2934 cfr.
1849 2880 1950 2949 Ep.
1992 2896 2077 2949 ep.
2118 2880 2170 2932 11
2200 2887 2302 2934 112
2342 2881 2461 2952 (Ue.

418 2970 472 3021 p.
504 2956 589 3018 52,
623 2952 734 3019 13):
803 2953 928 3004 τινὰ
989 2953 1170 3018 ἄστρα
1230 2954 1571 3019 στρέφεσθαι
1623 2954 1798 3006 αὐτοῦ
1850 2953 2152 3019 συμβαίνει.
2247 2951 2464 3006 Usener

419 3022 631 3091 optimo
679 3021 843 3075 affert
888 3021 1049 3075 Hom.
1079 3021 1142 3075 Il.
1183 3025 1223 3076 Σ
1243 3028 1373 3076 488:
1427 3025 1639 3096 ,ἄρκτον
1669 3065 1861 3077 ......
1893 3027 1928 3089 ἥ
1975 3023 2027 3077 τ’
2072 3026 2248 3077 αὐτοῦ
2302 3027 2462 3091 στρέ·

420 3111 604 3161 φεται.

562 3182 614 3218 ν.
648 3171 710 3218 11
772 3166 825 3218 οί
882 3167 981 3232 μὲν
1038 3167 1265 3232 ὑψηλὴν
1412 3167 1464 3219 οί
1519 3167 1570 3219 δ’
1615 3167 1686 3220 αὖ
1741 3167 2034 3234 ταπεινήν]
2091 3165 2189 3218 cfr.
2228 3165 2330 3234 Ep.
2372 3182 2461 3235 ep.

418 3235 470 3289 ΙΙ
516 3241 617 3289 114
683 3237 858 3304 (astra
917 3234 1160 3303 relinqui
1220 3236 1504 3305 videntur)
1567 3241 1657 3292 καὶ
1719 3239 1872 3305 παρὰ
1932 3238 1998 3290 τὸ
2061 3240 2462 3305 περιφέρεσθαι

420 3310 490 3362 τὰ
548 3309 648 3374 μὲν
704 3310 794 3362 διὰ
848 3308 1104 3372 πλείονος
1145 3310 1353 3375 τόπου,
1410 3311 1481 3362 τὰ
1530 3311 1591 3362 δὲ
1638 3309 1709 3362 δι’
1755 3310 2075 3375 ἐλάττονος,
2121 3311 2229 3375 τὴν
2277 3312 2460 3376 αὐτὴν

425 3381 584 3445 δίνην
622 3382 1077 3446 περικυκλοῦντα.

557 3448 661 3503 ool.
705 3448 756 3501 11
807 3468 857 3503 v.
905 3457 951 3503 1.
1044 3466 1191 3517 quae
1244 3450 1338 3504 hio
1406 3451 1476 3505 de
1532 3450 1666 3504 solis
1722 3450 2115 3519 magnitudine
2174 3449 2461 3519 dicuntur,

423 3520 653 3573 aliunde
691 3519 854 3574 nobis
891 3522 1030 3575 nota
1055 3537 1168 3574 non
1208 3524 1353 3574 sunt.
1411 3521 1708 3589 disputant
1746 3522 1817 3577 do
1853 3538 1923 3574 ea
1967 3537 2026 3575 re
2056 3520 2156 3590 Ep.
2197 3539 2284 3591 op.
2316 3524 2343 3576 I
2372 3530 2461 3586 91,

422 3590 581 3644 Lucr.
613 3591 662 3644 V
692 3596 798 3643 564
817 3609 936 3660 sqq.
1002 3590 1335 3662 magnitudo
1366 3592 1515 3647 enim
1544 3592 1678 3647 solis
1717 3595 1776 3646 et
1812 3595 2124 3647 ceterarum
2151 3593 2463 3662 stellarum,
