2693 4100
1283 229 1728 292 -96-

632 384 734 439 col.
772 384 850 437 111
885 404 935 438 v.
977 391 1008 438 5
1049 388 1149 440 κᾶν
1187 393 1267 440 τῶ
1316 390 1563 454 λογισμῶ
1605 388 1937 458 διαφέρωσι]
1975 388 2192 443 scilicet
2229 392 2281 445 οἱ
2321 396 2395 460 μὴ
2440 408 2535 448 σο-

489 458 604 524 φοί.
679 473 849 524 ‘neque
897 462 1037 522 tum,
1085 460 1135 512 si
1173 459 1480 526 prudentia
1525 458 1820 525 excellunt,
1866 460 2096 514 eandem
2142 465 2537 519 mortalitatem

486 528 697 582 habent.
774 530 989 581 certum
1026 529 1175 581 enim
1213 529 1382 582 finem
1430 530 1783 583 constituunt
1826 528 2000 584 Stoici
2048 532 2198 585 inter
2244 535 2534 603 sapientes

490 602 547 654 et
586 599 789 653 stultos
828 602 998 666 atque
1035 599 1320 653 hominem
1359 601 1614 668 quamvis
1652 601 1986 667 prudentem
2024 603 2134 656 nisi
2173 606 2397 674 sapiens
2438 608 2533 673 sit,

492 670 730 723 stultum
769 689 887 724 esse
928 671 1140 724 dicunt.

631 761 681 795 v.
714 747 745 794 9
767 759 886 810 sqq.
939 742 1333 812 supplementa
1379 761 1413 795 a
1456 743 1592 796 viris
1631 742 1812 796 doctis
1849 744 2136 811 proposita
2182 763 2292 799 non
2328 749 2528 814 prob0‚

492 829 618 865 cum
655 812 756 866 illa
801 813 1031 881 quidem
1076 830 1188 867 non
1235 813 1415 867 solum
1463 818 1657 868 contra
1695 813 1910 869 Stoicos
1950 816 2047 868 sed
2084 822 2277 870 contra
2313 835 2525 885 omnes,

491 884 589 950 qui
637 885 882 937 animam
928 902 1041 939 non
1088 902 1214 938 cum
1263 902 1489 954 corpore
1537 885 1764 938 interire
1812 891 2098 954 censeant,
2137 888 2250 943 dici
2285 890 2529 957 possint,

492 958 549 1008 et
587 957 853 1009 nimirum
889 957 1004 1009 iam
1044 960 1210 1010 antea
1248 957 1403 1010 dicta
1442 957 1555 1010 sint
1589 960 1739 1025 (nam
1776 975 1889 1010 non
1928 962 2121 1012 contra
2157 959 2372 1014 Stoicos
2411 961 2531 1028 pri-

491 1043 622 1079 mos·
658 1032 877 1097 pugnat
923 1029 1206 1096 scriptor);
1273 1028 1373 1082 cfr.
1419 1027 1592 1081 etiam
1636 1029 1905 1097 reliquias
1956 1031 2168 1098 primae
2217 1032 2531 1086 columnae.

492 1098 670 1150 multo
717 1099 898 1169 magis
943 1099 1085 1153 mihi
1129 1100 1356 1153 videtur
1403 1100 1608 1154 dixisse
1656 1100 1912 1170 scriptor,
1965 1103 2194 1156 audacis
2241 1121 2358 1156 esse
2408 1103 2532 1156 ani-

492 1186 613 1221 mas
679 1171 727 1223 si
773 1171 899 1238 quis
948 1171 1117 1224 semel
1167 1171 1227 1224 in
1281 1173 1619 1241 perpetuum
1665 1189 1989 1238 permanere
2037 1190 2147 1227 non
2195 1191 2357 1242 posse
2407 1175 2529 1228 sine

495 1257 721 1308 corpore
752 1243 1039 1309 concedat,
1078 1246 1268 1296 tamen
1306 1261 1407 1312 per
1434 1246 1657 1312 tempus
1689 1243 1919 1312 aliquod
1949 1244 2167 1314 corpori
2197 1247 2530 1313 superstites

495 1329 615 1364 0880
658 1330 1027 1380 perseverare.

639 1401 720 1456 fr.
750 1401 1054 1460 XXXVII
1092 1403 1166 1455 ad
1202 1404 1593 1470 quaestionem
1639 1405 1709 1457 de
1749 1404 2097 1459 mortalitate
2145 1407 2365 1460 animae
2404 1425 2532 1476 per-

495 1472 675 1527 tinere
714 1472 951 1528 videtur.

641 1561 723 1615 fr.
754 1562 1091 1619 XXXVIII
1129 1562 1244 1616 iam
1273 1564 1497 1617 finitum
1526 1566 1613 1617 est
1640 1567 1811 1633 caput
1843 1566 1914 1618 de
1943 1565 2208 1620 tollendis
2238 1566 2526 1621 affectibus

498 1635 672 1701 (metu
702 1632 949 1700 deorum,
987 1634 1199 1702 mortis,
1241 1635 1466 1702 doloris,
1502 1635 1932 1704 cupiditatibus)
1963 1638 2022 1689 et
2048 1655 2198 1690 nunc
2227 1639 2286 1690 in
2313 1639 2535 1693 univer-

498 1722 620 1757 sum
652 1704 721 1757 de
750 1705 865 1758 illis
894 1706 1147 1775 loquitur
1175 1707 1428 1775 scriptor.
1469 1723 1660 1760 omnes
1691 1706 1924 1761 affectus
1954 1709 2116 1775 parvi
2145 1710 2405 1763 oriuntur
2436 1710 2535 1764 sed

498 1778 756 1830 crescunt
794 1777 869 1830 ad
904 1777 1239 1831 immensam
1266 1778 1720 1848 magnitudinem
1749 1781 1945 1849 (usque
1984 1780 2057 1831 ad
2097 1779 2199 1832 col.
2230 1780 2254 1831 1
2286 1783 2352 1848 7).
2413 1784 2538 1835 tum

500 1847 847 1902 demonstrat
875 1849 1098 1902 animae
1129 1849 1427 1903 affectibus
1458 1850 1703 1918 corporis
1735 1849 1968 1903 affectus
1985 1850 2151 1903 valde
2182 1854 2540 1920 superari.—

500 1918 661 1988 (Heb.
693 1922 751 1972 et
787 1919 911 1974 Kal.
950 1920 1057 1973 hoc
1094 1920 1475 1990 fragmentum
1515 1924 1573 1974 et
1608 1922 1925 1990 proximum
1963 1921 2035 1974 ad
2073 1926 2286 1975 metum
2325 1923 2539 1978 doloris

498 1990 779 2059 pertinere
807 1990 1004 2045 volunt
1042 1995 1117 2062 [p.
1150 1995 1295 2063 351}
1344 2009 1483 2060 quos
1512 2009 1583 2047 ne
1612 2009 1929 2062 sequamur,
1956 1993 2298 2063 impedimur
2325 1995 2431 2048 001.
2461 1996 2542 2049 ΠΙ

499 2080 547 2115 v.
581 2070 608 2115 7
649 2066 684 2129 ἢ
724 2064 819 2132 [δι’
846 2066 1119 2133 ἀνάν]κην
1157 2068 1192 2131 ἢ
1232 2065 1302 2119 δι’
1336 2066 1569 2132 ἡδονήν,
1608 2065 1756 2117 unde
1794 2065 1952 2120 vides
1990 2083 2099 2119 non
2138 2067 2208 2119 de
2247 2065 2539 2121 doloribus

490 2135 722 2187 tantum
749 2133 861 2203 agi,
893 2139 951 2189 et
979 2135 1081 2189 001.
1102 2135 1129 2188 Ι
1156 2154 1203 2188 v.
1228 2141 1256 2188 1
1289 2141 1348 2189 et
1379 2142 1441 2190 11
1482 2141 1682 2191 παθῶν
1719 2138 1851 2205 (non
1872 2139 2239 2207 ἀλγηδόνων),
2271 2138 2374 2191 001.
2395 2137 2476 2191 ΙΠ
2507 2145 2539 2191 8

499 2207 688 2271 πάθεις
745 2207 896 2273 quod
935 2210 1126 2261 autem
1175 2207 1277 2261 col.
1307 2207 1359 2260 II
1403 2227 1452 2261 v.
1497 2214 1559 2261 11
1621 2208 1692 2260 de
1739 2207 2024 2261 doloribus
2081 2209 2213 2262 solis
2268 2208 2541 2278 loquitur,

500 2277 840 2330 monendum
870 2281 973 2346 est,
1012 2296 1138 2332 eum
1166 2279 1248 2333 ibi
1277 2279 1596 2347 exemplum
1635 2278 1849 2345 afferre,
1889 2282 1945 2331 et
1983 2279 2055 2332 ad
2085 2280 2190 2333 hoc
2219 2281 2541 2349 exemplum

503 2347 719 2401 dolores
765 2349 944 2403 multo
983 2350 1228 2420 aptiores
1268 2366 1390 2405 0880
1428 2367 1597 2418 quam
1642 2350 1976 2418 voluptates
2049 2353 2344 2419 praeterea
2389 2369 2539 2419 quae

500 2419 665 2472 initio
711 2421 927 2487 primae
976 2421 1268 2475 columnae
1317 2422 1388 2475 de
1434 2421 1867 2492 augescentibus
1914 2420 2208 2476 affectibus
2256 2423 2540 2492 dicuntur,

502 2490 681 2543 multo
718 2492 901 2561 magis
942 2493 1015 2546 ad
1052 2494 1396 2562 cupiditates
1427 2494 1711 2561 quadrant
1748 2510 1917 2560 quam
1947 2494 2019 2547 ad
2047 2497 2262 2548 metum
2292 2494 2539 2564 doloris).

647 2562 805 2616 001.Ι
840 2582 889 2616 v.
925 2570 1060 2617 1—7
1101 2565 1198 2618 cfr.
1238 2565 1629 2618 Philodemum
1675 2570 1800 2632 περὶ
1847 2568 2019 2632 ὀργῆς
2062 2584 2116 2634 p.
2149 2571 2217 2619 54
2266 2565 2539 2634 Gomperz

505 2633 575 2686 de
615 2633 701 2685 ira
738 2633 988 2688 locutum
1028 2642 1116 2691 καὶ
1168 2640 1587 2704 καταρχόμενον
1626 2637 1722 2691 ἀπ’
1759 2637 2051 2703 ἐλαχίστου
2094 2640 2247 2705 μέχρι
2286 2641 2374 2691 καὶ
2418 2642 2538 2690 τῶν

504 2706 760 2771 ἐσχάτων
798 2707 1100 2762 ἐξοκέλλειν
1138 2716 1298 2763 ποιεῖ.

646 2794 696 2829 v.
727 2781 889 2845 Ssqq.
930 2778 1026 2832 cfr.
1058 2778 1152 2832 Us,
1180 2779 1247 2833 fr.
1279 2784 1401 2832 452.
1478 2779 1761 2833 contraria
1798 2778 2003 2832 docent
2040 2777 2350 2848 Cyrenaici.

647 2866 696 2900 v.
732 2854 796 2900 13
835 2851 938 2917 ὑφ’
975 2853 1073 2904 ἕνα
1112 2853 1305 2918 καιρόν
1345 2851 1442 2904 cfr.
1472 2849 1655 2904 Praef.
1685 2869 1739 2919 p.
1770 2849 1932 2903 XLII.
2577 2865 2579 2872 ⁴

649 2919 752 2974 001.
781 2920 835 2973 Π
869 2939 918 2974 v.
951 2928 981 2974 6
1020 2925 1087 2976 τὸ
1124 2927 1226 2990 ζῆν
1256 2924 1640 2991 ἀναιρεῖσθαι].
1679 2920 1777 2975 cfr.
1808 2921 1964 2989 Epic.
1996 2921 2090 2975 Us.
2120 2921 2185 2973 fr.
2207 2921 2402 3001 448.‘0
2432 2922 2545 2989 γὰρ

505 2992 679 3055 πόνος
715 2994 746 3045 ὁ
785 2995 1147 3060 ὑπερβάλλων
1187 2996 1427 3060 συνάψει
1474 2995 1717 3062 Θανάτῳ.
1793 2992 1972 3046 Multo
2010 2992 2185 3062 igitur
2220 2988 2447 3070 facilius
2488 2994 2549 3046 et

507 3062 683 3115 animi
721 3064 779 3116 et
816 3065 1060 3132 corporis
1101 3064 1318 3118 dolores
1359 3064 1527 3118 simul
1563 3066 1828 3135 urgentes
1867 3064 2149 3117 hominem
2187 3060 2464 3115 occident.

652 3134 753 3187 col.
774 3135 853 3188 III
878 3153 928 3188 v.
953 3141 1019 3188 10
1048 3136 1243 3204 qualia
1270 3136 1412 3190 haec
1434 3137 1564 3201 sint,
1595 3151 1626 3190 0
1645 3134 1850 3203 quibus
1881 3135 2104 3203 sapiens
2128 3133 2547 3201 praestantiam

508 3206 683 3258 animi
714 3204 1019 3261 affectuum
1048 3210 1366 3277 cognoscat,
1405 3225 1473 3261 ex
1502 3207 1595 3262 Us.
1625 3207 1691 3261 fr.
1722 3212 1824 3260 452
1857 3205 2051 3275 colligi
2078 3205 2281 3273 potest.
2342 3221 2546 3274 corpus

509 3276 659 3330 enim
685 3279 1007 3346 praesentia
1036 3279 1217 3332 solum
1246 3279 1434 3345 sentit,
1465 3279 1686 3332 animus
1717 3281 1776 3333 et
1799 3275 2120 3347 praesentia
2148 3276 2207 3328 et
2233 3277 2547 3344 praeterita

510 3350 568 3401 ct
603 3348 812 3403 futura.
889 3350 985 3404 cfr.
1015 3353 1074 3404 et
1111 3349 1222 3404 Cio.
1254 3350 1324 3404 de
1362 3350 1453 3403 fin.
1483 3351 1511 3403 I
1551 3356 1633 3417 17,
1665 3356 1759 3415 553
1798 3349 1959 3402 Tusc.
1990 3347 2041 3400 V
2078 3352 2163 3414 33,
2195 3351 2282 3401 96.

651 3440 702 3474 v.
736 3427 802 3474 10
841 3424 1256 3476 ἀποδεδωκέναι
1295 3422 1366 3476 de
1402 3421 1642 3491 perfecti
1677 3438 1783 3475 usu
1823 3420 1919 3474 cfr.
1948 3418 2130 3473 Praef.
2163 3437 2216 3489 p.
2248 3419 2438 3473 XLIII.

655 3528 736 3582 fr.
767 3527 1049 3581 XXXIX
1087 3528 1161 3581 ad
1189 3528 1431 3583 eundem
1458 3528 1645 3583 locum
1683 3527 1753 3582 de
1782 3526 2135 3597 praestantia
2165 3526 2340 3580 animi
2378 3524 2549 3577 affec·

510 3602 672 3653 tuum
700 3598 982 3667 pertinere
1008 3599 1247 3654 videtur.
1324 3600 1622 3668 exponitur
1658 3599 1908 3653 animam
1937 3599 2119 3669 magis
2159 3612 2386 3651 causam
2426 3611 2548 3648 esse
