2693 4100
1027 237 1487 291 „XXXI-

237 409 390 467 drat.
481 412 552 467 ut
595 411 797 467 tamen
851 410 1152 486 integram
1197 407 1484 485 Diogenis
1536 410 1859 486 imaginem
1907 410 2277 489 effingamus,

239 516 570 556 sermonem
628 516 858 573 quoque
915 498 1041 556 eius
1097 498 1388 572 respicere
1443 517 1517 555 ne
1564 500 1941 573 omittamus,
1994 501 2271 575 quoniam

238 586 413 646 stilus
461 588 553 646 est
596 586 790 646 home.
884 589 1066 662 atque
1112 586 1463 663 Diogenem,
1509 589 1784 662 quamvis
1829 588 2167 649 Atticorum
2216 595 2277 650 et

235 676 661 736 Atticistarum
715 694 877 735 more
933 671 1239 749 πράττειν
1293 695 1404 751 pro
1461 671 1787 750 πράσσειν
1839 676 2027 753 dicat,
2072 682 2271 739 tamen

237 766 538 840 plebeium
571 783 914 843 ‚sermonem
962 766 1203 824 omnino
1241 784 1452 824 exuere
1489 785 1608 824 non
1645 766 1908 842 potuisse
1955 767 2144 826 facile
2178 788 2273 828 co·

237 855 560 932 gnoscitur.
654 872 788 912 cum
845 857 1046 913 autem
1101 854 1223 913 illis
1269 854 1637 929 temporibus
1694 847 1972 936 (exeunte
2034 860 2273 917 saeculo

238 934 526 1023 secundo)
574 942 848 1003 doctrina
894 962 1123 1017 eorum,
1180 946 1284 1019 qui
1330 943 1566 1003 Atticos
1614 946 1932 1020 scriptores
1980 946 2095 1005 sibi
2138 947 2271 1006 imi·

235 1032 452 1092 tandos
499 1032 930 1107 proponebant,
980 1033 1163 1091 talem
1209 1034 1332 1090 iam
1379 1034 1503 1091 vim
1548 1037 1769 1093 nancta
1814 1035 1893 1093 sit
1906 1080 1921 1109 ,
1966 1039 2037 1094 ut
2080 1056 2273 1111 nemo,

236 1124 288 1181 si
336 1120 574 1198 quidem
621 1121 846 1198 scripta
891 1140 999 1180 sua
1043 1122 1106 1180 in
1153 1120 1482 1180 multorum
1528 1123 1808 1181 notitiam
1853 1125 2102 1200 perferri
2150 1127 2270 1186 vel·

233 1212 338 1284 let,
384 1210 621 1288 vulgari
670 1229 938 1270 sermone
992 1213 1056 1268 in
1102 1211 1413 1271 scribendo
1459 1214 1554 1271 uti
1596 1215 1813 1287 posset,
1860 1214 2080 1272 litteris
2126 1234 2270 1290 quo-

236 1319 353 1376 que
414 1320 546 1359 eum
610 1301 805 1358 minus
864 1301 1121 1375 politum
1180 1319 1304 1360 esse
1361 1301 1657 1376 videmus,
1714 1320 1897 1377 quam
1951 1306 2081 1361 tum
2130 1324 2271 1364 usus

232 1389 492 1464 ferebat3
554 1388 619 1447 id
683 1388 842 1465 quod
906 1407 1043 1448 cum
1097 1389 1444 1466 ignorantia
1503 1390 1630 1449 eius
1691 1390 1916 1466 optime
1980 1395 2268 1471 congruit.

371 1478 567 1549 Quare
614 1497 828 1553 operae
874 1480 1135 1555 pretium
1187 1498 1311 1538 esse
1360 1479 1598 1538 videtur
1642 1480 1714 1539 de
1762 1480 2097 1540 elocutione
2145 1483 2270 1542 eius

234 1585 430 1646 agere,
475 1570 536 1625 et
581 1586 871 1642 exponere
919 1571 1213 1643 quatenus
1259 1568 1526 1645 vulgaris
1574 1571 1860 1628 sermonis
1908 1571 2082 1653 signa
2127 1590 2271 1645 prae

234 1675 294 1716 se
341 1657 512 1715 ferat.
607 1675 726 1731 qua
771 1659 834 1714 in
879 1677 944 1715 re
989 1658 1247 1732 primum
1292 1658 1651 1717 monendum
1690 1661 1797 1734 est,
1843 1658 2268 1719 Atticistarum

240 1764 474 1822 quoque
521 1747 746 1820 scripta
791 1764 912 1804 non
957 1745 1137 1821 plane
1184 1766 1384 1805 carere
1419 1746 1615 1823 plebei
1655 1750 1942 1807 sermonis
1980 1749 2270 1826 vestigiis,

232 1838 300 1893 ut
356 1854 426 1893 ex
481 1834 574 1891 W.
606 1834 895 1893 Schmidii
947 1835 1101 1894 libro
1156 1834 1500 1894 Atticismus
1556 1855 1904 1913 cognoscaS,
1960 1837 2064 1897 ubi
2110 1839 2269 1913 apud

231 1942 713 1999 unumquemque
769 1925 1117 1999 scriptorem
1172 1925 1448 2001 vulgaria
1503 1925 1797 1983 vocabula
1853 1928 2065 1986 notata
2112 1932 2268 1987 sunt.

235 2014 443 2090 itaque
483 2031 889 2089 quaecumque
938 2032 1113 2074 voces
1151 2015 1247 2074 vel
1292 2013 1576 2091 loquendi
1614 2015 1840 2075 formae
1878 2015 2040 2092 apud
2086 2017 2268 2094 scrip-

231 2106 390 2162 tores
462 2102 697 2162 Atticos
770 2123 890 2162 non
963 2106 1222 2163 usitatae
1278 2105 1536 2181 Diogeni
1600 2123 1735 2164 cum
1789 2106 1911 2164 illis
1966 2106 2268 2167 Atticistis

232 2210 574 2252 communes
632 2197 796 2267 sunt,
847 2196 1049 2253 tamen
1096 2194 1373 2270 vulgares
1422 2196 1562 2251 sunt
1605 2194 1939 2270 habendae,
1986 2196 2037 2253 si
2084 2197 2269 2255 etiam

230 2284 295 2339 in
343 2282 581 2357 scriptis
629 2281 868 2359 vulgari
914 2301 1182 2341 sermone
1228 2285 1575 2358 compositis
1621 2283 2026 2343 inveniuntur.
2110 2286 2268 2344 idem

231 2370 303 2429 de
352 2370 660 2429 vocabulis
717 2369 1037 2446 „poeticis“
1094 2370 1453 2430 censendum
1500 2374 1614 2447 est,
1670 2373 1743 2431 de
1802 2373 2015 2448 quibus
2072 2376 2268 2433 confe-

230 2462 446 2519 rantur
493 2479 643 2534 quae
692 2459 961 2536 disputat
1007 2460 1239 2518 Thumb
1290 2460 1654 2520 Griechischc
1688 2461 1946 2535 Sprache
1988 2465 2071 2521 im
2116 2463 2270 2522 Zeit-

232 2550 380 2607 alter
416 2549 518 2607 des
556 2549 952 2608 Helleni-smus
999 2570 1055 2626 p.
1098 2552 1222 2608 216
1246 2567 1402 2625 sqq.,
1439 2550 1736 2626 imprimis
1773 2571 1830 2626 p.
1864 2554 2011 2611 224.
2086 2571 2263 2629 quae·

233 2656 485 2714 cumque
564 2639 721 2696 enim
800 2656 974 2698 voces
1035 2637 1375 2714 „poeticae“
1443 2641 1805 2715 scriptorum
1873 2643 2269 2701 recentiorum

231 2728 416 2786 etiam
469 2728 534 2785 in
588 2726 1106 2803 inscriptionibuS,
1150 2730 1426 2804 papyris,
1471 2747 1626 2788 novo
1673 2729 2082 2805 Testamento,
2131 2732 2270 2791 aliis

229 2816 498 2894 vulgaris
555 2817 844 2875 sermonis
907 2817 1266 2876 testimoniis
1325 2820 1586 2891 exstant,
1642 2837 1762 2876 non
1817 2819 2104 2878 orationis
2170 2839 2267 2877 ex-

232 2905 536 2964 ornandae
584 2923 763 2964 causa
801 2925 832 2963 e
869 2908 1083 2980 poetis,
1121 2905 1224 2964 sed
1269 2926 1301 2965 e
1339 2925 1607 2965 sermone
1646 2909 1786 2967 vivo
1821 2907 2072 2967 haustae
2109 2911 2267 2967 sunt.

366 2994 456 3052 De
501 2994 790 3072 Diogenis
843 2994 1129 3070 loquendi
1173 3013 1286 3053 usu
1331 2996 1528 3054 multa
1581 3001 1761 3072 atque
1806 2996 1985 3056 utilia
2029 3015 2268 3073 compo·

232 3085 352 3142 sita
399 3085 553 3141 sunt-
580 3084 705 3142 iam
752 3083 826 3142 ab
872 3083 1185 3158 Heberdey
1232 3087 1292 3143 et
1337 3084 1601 3143 Kalinka
1647 3085 1808 3144 Ball.
1837 3086 1908 3144 de
1934 3102 2080 3144 corr.
2109 3086 2268 3144 Heu.

229 3172 371 3230 XXI
416 3192 474 3247 p.
516 3174 664 3246 427,
721 3172 826 3231 ubi
883 3173 1063 3231 etiam
1117 3173 1390 3232 tabulam
1443 3175 1675 3233 invenis
1723 3174 2064 3248 verborum,
2111 3194 2268 3250 quae

233 3262 307 3320 ob
353 3261 510 3319 hanc
565 3262 662 3320 vel
719 3262 902 3320 aliam
958 3281 1200 3321 causam
1243 3263 1509 3341 insignia
1555 3267 1708 3323 sunt.
1800 3282 1908 3322 nos
1954 3282 2111 3322 nunc
2156 3263 2265 3322 illa

229 3354 471 3409 tantum
517 3353 864 3425 tractamus,
911 3370 1064 3426 quae
1112 3352 1187 3410 ad
1223 3351 1527 3427 plebeium
1575 3353 1698 3412 eius
1739 3372 2065 3433 sermonem
2103 3371 2268 3426 spec-

231 3442 382 3499 tant.
463 3458 581 3498 non
628 3442 831 3499 tamen
877 3443 1095 3518 omnia,
1146 3459 1298 3515 quae
1333 3441 1451 3499 huc
1488 3443 1807 3517 pertinent,
1853 3460 1960 3500 nos
2006 3444 2270 3501 tractare

229 3529 389 3588 haud
436 3528 781 3605 ignoramus
828 3548 1020 3605 neque
1065 3532 1384 3606 quisquam
1429 3530 1764 3604 mirabitur,
1808 3547 1944 3589 cum
1991 3532 2068 3590 ad
2112 3532 2266 3590 illud

229 3618 539 3696 negotium
606 3619 780 3693 plene
845 3618 1268 3694 perficiendum
1330 3620 1525 3677 multo
1594 3618 1985 3695 amplioribus
2049 3621 2269 3679 studiis
