2693 4100
1086 910 1557 980 Praefatio.

396 1086 726 1164 *Diogenis
792 1084 1235 1147 Oenoandensis
1297 1088 1660 1165 fragmenta,
1728 1105 1879 1162 quae
1946 1105 2100 1146 anno
2167 1087 2336 1144 1884

304 1175 422 1235 viri
486 1175 648 1234 docti
719 1175 1153 1254 Francogallici
1215 1175 1514 1235 Holleaux
1579 1180 1640 1235 01
1708 1175 1876 1234 Paris
1940 1177 2121 1251 atque
2184 1177 2338 1236 inse-

307 1267 518 1340 quenti
581 1283 737 1324 anno
802 1265 982 1323 Diehl
1046 1267 1107 1323 et
1171 1264 1390 1325 Gousin
1452 1267 1868 1342 reppererunt,
1942 1283 2097 1333 anno
2165 1265 2335 1324 1889

305 1353 622 1429 descripsit
684 1352 905 1414 Cousin
969 1372 1244 1430 annoque
1314 1355 1485 1414 1892
1558 1353 1747 1414 edidit
1817 1355 1881 1411 in
1946 1353 2338 1430 ephemeridis

307 1443 571 1501 Bullatin
606 1443 677 1501 de
713 1444 1203 1516 correspondamce
1239 1443 1584 1517 Hellenique
1618 1447 1783 1503 tomo
1815 1442 1959 1502 XVI
2002 1463 2058 1519 p.
2104 1445 2271 1500 1—‘7
2280 1444 2336 1501 6.

306 1551 426 1606 qua
473 1532 734 1591 editione
779 1534 947 1591 nisus
992 1531 1195 1591 eodem
1240 1534 1364 1592 iam
1412 1551 1568 1593 anno
1627 1535 1722 1593 vir
1766 1532 2143 1592 doctissimus
2187 1531 2337 1590 Her-

307 1639 557 1680 mannus
603 1620 854 1695 Usener,
903 1641 1079 1696 quem
1133 1641 1324 1697 nuper
1368 1625 1671 1681 mortuum
1726 1640 1852 1681 esse
1907 1639 2107 1681 omnes
2164 1620 2339 1679 vehe-

302 1712 536 1768 menter
590 1710 882 1783 dolemus,
939 1710 1318 1789 sagacissime
1373 1712 1717 1788 fragmenta
1769 1710 1877 1768 illa
1932 1711 2221 1769 tractavit
2275 1709 2336 1767 in

304 1799 510 1857 Musei
554 1799 828 1859 Rhenum
873 1803 1036 1858 tomo
1076 1802 1156 1858 47
1208 1802 1269 1858 et
1314 1803 1398 1863 ut.
1433 1802 1628 1860 acrius
1675 1800 1868 1859 solum
1923 1799 2073 1858 illud
2119 1798 2339 1874 Lyciae

304 1887 502 1946 fertile
556 1888 1065 1965 pervestigaretur
1121 1888 1447 1949 admonuit.
1551 1892 1610 1948 et
1666 1890 1890 1966 optime
1939 1887 2143 1947 meriti
2196 1891 2341 1946 sunt

303 1977 420 2034 viri
458 1977 620 2035 docti
655 1977 961 2037 Austriaci
996 1977 1311 2055 Heberdey
1350 1980 1410 2036 et
1442 1977 1732 2052 Kalinka,
1771 1977 1929 2053 quod
1966 1996 2122 2036 anno
2165 1977 2335 2036 1895

304 2069 688 2126 monumenta
741 2067 851 2126 illa
896 2067 1135 2142 lapidea
1187 2069 1660 2144 recognoverunt
1717 2070 1777 2126 et
1831 2086 1986 2125 anno
2047 2068 2214 2126 1897
2273 2066 2338 2123 in

303 2154 467 2213 illius
523 2157 809 2215 Bulletmi
861 2159 1025 2215 tomo
1072 2157 1214 2215 XXI
1267 2177 1322 2233 p.
1368 2158 1716 2216 346—443
1790 2156 2116 2215 ediderunt.
2219 2174 2338 2229 qua

305 2244 563 2303 editione
609 2247 776 2320 prior
823 2244 1066 2304 Oousini
1102 2264 1344 2321 prorsus
1382 2247 1504 2305 fere
1535 2246 1852 2305 obscurata
1888 2249 1949 2305 et
1986 2245 2336 2321 plerumque

302 2335 434 2391 tum
471 2335 667 2393 solum
704 2334 1039 2401 adhibenda
1077 2337 1184 2408 est,
1221 2336 1274 2393 si
1309 2335 1647 2413 fragmenta
1675 2337 1875 2395 servat
1903 2334 1976 2392 ab
2001 2334 2337 2392 Austriacis

302 2441 422 2480 11011
467 2425 721 2499 reperta.
813 2442 954 2482 nam
999 2427 1061 2482 et
1104 2425 1370 2499 ipsorum
1410 2424 1678 2498 lapidum
1725 2424 1990 2482 formam.
2024 2423 2087 2480 111
2124 2424 2339 2481 horum

303 2510 563 2570 editione
609 2512 841 2571 invenis
897 2512 1216 2590 diligenter
1270 2513 1568 2588 depictam
1625 2515 1684 2572 et
1738 2512 2095 2587 descriptam
2111 2556 2125 2584 ,
2181 2511 2336 2571 unde
2385 2514 2392 2519 ’

302 2601 496 2658 multa
541 2600 692 2659 disci
749 2604 1026 2677 possunt,
1083 2621 1235 2676 quae
1289 2604 1645 2679 gravissimo
1698 2601 2000 2659 momento
2056 2604 2220 2675 sunt,
2277 2603 2339 2658 et

301 2689 585 2750 lectiones
638 2690 806 2765 ipsae
860 2690 975 2748 tibi
1027 2690 1391 2766 praebentur
1444 2692 1638 2750 multo
1673 2688 2126 2763 ·accuratiores;
2190 2707 2335 2747 non-

302 2779 470 2838 nulla
516 2797 753 2855 quoque
808 2797 965 2837 nova
1019 2780 1360 2857 fragmenta
1420 2781 1805 2839 accesserunt.
1909 2776 2091 2836 etiam
2145 2778 2339 2835 maior

301 2866 371 2924 fit
413 2866 592 2927 huius
639 2867 916 2926 editionis
962 2868 1199 2927 utilitas
1238 2875 1299 2927 et
1333 2869 1649 2928 verborum
1687 2867 2140 2943 supplementis,
2184 2884 2335 2940 quae

302 2955 523 3030 partim
573 2976 643 3013 ex
689 2956 937 3015 Useneri
985 2958 1269 3032 opusculo
1315 2960 1555 3033 recepta
1609 2957 1832 3034 partim
1876 2956 1951 3014 ab
2007 2954 2335 3014 editoribus

303 3044 555 3119 aliisque
618 3045 765 3105 viris
829 3045 1020 3105 doctis
1084 3046 1359 3123 praebita
1415 3046 1707 3120 efficiunt,
1770 3048 1842 3104 ut
1904 3045 2144 3104 facilius
2201 3062 2334 3103 con-

300 3134 498 3191 textus
545 3133 807 3213 intelligi
860 3135 1079 3210 possit,
1139 3138 1200 3194 et
1255 3135 1605 3211 appendice,
1665 3153 1783 3210 qua
1840 3133 2125 3192 sermonis
2184 3152 2336 3207 quae

298 3223 728 3282 memoratione
783 3223 965 3301 digna
1021 3227 1161 3284 sunt
1216 3224 1535 3302 diligenter
1590 3224 1665 3282 ab
1722 3222 2049 3281 editoribus
2100 3240 2336 3297 compo-

299 3313 540 3369 nuntur.
1602 3358 1622 3364 „

436 3400 680 3459 Talibus
733 3402 1138 3460 fundamentis
1193 3401 1458 3461 innisum
1513 3401 1743 3476 aliquid
1797 3404 1940 3460 novi
1995 3421 2055 3460 se
2103 3400 2334 3459 efficere

296 3506 472 3563 posse
519 3491 702 3549 etiam
747 3492 800 3550 is
846 3493 1069 3565 speret,
1116 3491 1221 3566 qui
1268 3511 1389 3551 non
1434 3492 1564 3566 ipse
1609 3490 1841 3566 lapides
1881 3491 2019 3549 illos
2056 3490 2342 3564 loquaces.

297 3577 535 3637 viderit.
568 3633 570 3635 ,
628 3598 763 3636 cum
819 3579 978 3638 enim
1022 3580 1215 3639 multa
1261 3599 1298 3639 a
1342 3580 1489 3639 viris
1535 3579 1725 3638 doctis
1773 3577 1964 3637 adhuc
2023 3579 2342 3637 enucleata
