2693 4100
1184 249 1644 303 —XXVI—

398 417 894 496 significationem
940 420 1162 478 nancta
1207 421 1289 478 sit
1335 437 1685 496 cognoscere
1731 419 2041 495 possimus.
2116 424 2254 496 post
2289 420 2434 496 Epi-

395 527 604 566 curum
659 510 720 566 et
775 510 914 567 ante
970 507 1184 566 Arium
1238 508 1568 584 Didymum
1623 510 1685 567 et
1735 509 1983 567 Asitium
2038 510 2150 568 hoc
2206 510 2434 569 factum

395 615 519 656 esse
565 614 802 656 necesse
850 599 956 655 est.
1041 617 1174 656 cum
1213 599 1415 656 autem
1454 593 2036 672 ἀντιλαμβάνεσθαί
2073 615 2251 672 τινος
2298 619 2431 674 pro—

393 687 592 763 priam
636 686 857 744 habeat
903 687 1401 763 significationem
1426 687 1845 760 prehendendi‚
1885 687 2287 762 quaerendum
2325 692 2432 761 est,

397 775 693 849 quomodo
743 794 831 850 ea,
879 795 1032 850 quae
1071 776 1338 835 sensibus
1375 777 1802 852 percipiantur,
1828 777 2287 849 prehenderentur.
2374 781 2435 835 et

396 865 622 938 optime
668 883 775 923 nos
832 864 1081 924 adiuvat
1134 865 1407 925 doctrina
1454 864 1786 924 Stoicorum
1844 885 2000 941 quae
2047 866 2118 924 de
2166 867 2433 926 sensibus

395 952 676 1027 traditur,
724 973 843 1028 qua
889 954 960 1013 de
1007 974 1070 1013 re
1117 954 1386 1014 conferas
1432 954 1613 1013 velim
1661 974 1813 1029 quae
1852 955 2121 1030 disputat
2164 953 2232 1012 L.
2264 954 2431 1014 Stein

397 1043 766 1117 Psycholoyic
811 1045 915 1101 der
959 1043 1100 1102 Stoa
1142 1044 1207 1103 H
1256 1045 1381 1102 133
1404 1062 1531 1119 sqq.
1624 1063 1815 1118 neque
1863 1045 2020 1102 enim
2069 1043 2257 1103 Stoici
2304 1063 2432 1104 sen-

397 1149 496 1190 sus
556 1133 647 1190 ita
704 1132 834 1190 fieri
893 1135 1136 1208 putant,
1191 1136 1260 1190 ut
1315 1134 1549 1192 animus
1605 1135 1808 1191 noster
1869 1136 2108 1192 tantum
2163 1135 2434 1208 patiatur

398 1220 610 1298 plagas
650 1221 1014 1281 extrinsecus
1054 1222 1171 1280 sibi
1205 1222 1429 1296 illatas,
1468 1221 1570 1280 sed
1598 1224 1705 1296 ita,
1736 1226 1811 1281 ‘ut
1846 1224 1976 1298 ipse
2014 1242 2249 1298 quoque
2290 1227 2435 1300 agat

397 1312 632 1368 animus
681 1303 1055 1390 (testimonia
1091 1311 1274 1369 habes
1321 1311 1482 1386 apud
1530 1310 1824 1370 Steinium
1861 1312 1904 1370 1.
1931 1332 1978 1371 c.
2016 1332 2073 1388 p.
2109 1314 2232 1370 127
2256 1306 2432 1393 sqq.)

399 1418 518 1473 qua
564 1401 798 1458 actione
845 1401 1109 1459 animum
1147 1420 1240 1460 res
1265 1401 1627 1472 prehendere
1665 1399 1852 1460 Stoici
1890 1402 2112 1460 dicunt.
2180 1402 2435 1478 leg-imus

397 1489 552 1545 enim
593 1488 738 1549 haec
785 1488 944 1565 apud
989 1489 1124 1548 Aet.
1171 1490 1331 1548 Plac.
1370 1489 1459 1548 IV
1499 1490 1556 1564 8,
1591 1494 1653 1548 1:
1693 1485 1754 1549 οἱ
1793 1487 2065 1550 Στωικοὶ
2111 1486 2431 1564 ὁρίζονται

398 1571 610 1649 οὕτως
666 1574 783 1650 τὴν
831 1573 1159 1651 αἴσθησιν·
1218 1574 1521 1652 αἴσθησίς
1579 1575 1758 1639 ἐστιν
1814 1573 2153 1653 ἀντίληψις
2200 1575 2286 1638 δι’
2335 1576 2428 1638 αἰ-

400 1663 751 1738 σθητηρίου
799 1663 837 1739 ἢ
887 1664 1268 1741 κατάληψις,
1318 1670 1379 1727 et
1416 1668 1577 1744 apud
1613 1668 1959 1727 Nemesium
2004 1669 2077 1728 de
2113 1672 2235 1727 nat.
2273 1668 2428 1726 hom.

399 1772 528 1829 cap.
564 1757 596 1812 7
649 1751 789 1814 ἔστι
838 1754 909 1816 δὲ
958 1751 1260 1830 αἴσθησις
1309 1752 1649 1830 ἀντίληψις
1688 1757 1821 1816 τῶν
1862 1752 2189 1830 αἰσθητῶν
2239 1804 2429 1816 .....

400 1839 492 1902 ἔτι
540 1841 611 1904 δὲ
658 1842 759 1904 καὶ
808 1840 1007 1905 οὕτω·
1057 1842 1326 1920 δύναμιν
1375 1846 1590 1919 ψυχῆς
1644 1841 2097 1921 ἀντιληπτικὴν
2149 1847 2281 1906 τῶν
2336 1842 2430 1905 αἰ-

398 1933 676 2006 σθητῶν.
727 1953 847 2010 qua
879 1936 942 1992 in
982 1934 1326 1994 definitione
1365 1934 1706 1994 Stoicorum
1745 1929 2087 2008 ἀντίληψιν
2125 1937 2434 2011 propriam

396 2021 613 2081 habere
671 2023 1165 2101 significationem
1222 2027 1500 2101 apparet,
1559 2043 1692 2083 cum
1738 2025 1857 2085 nisi
1901 2027 1989 2084 ita
2036 2027 2215 2099 esset,
2262 2025 2435 2084 nulla

399 2114 553 2172 esset
599 2112 893 2188 definitio,
941 2115 1044 2173 sed
1081 2115 1259 2173 facile
1296 2115 1678 2193 intelligitur,
1716 2133 1923 2174 vocem
1961 2110 2302 2188 ἀντίληψιν
2343 2106 2436 2195 (et

397 2196 984 2276 ἀντιλαμβάνεσθαι
1033 2206 1094 2262 et
1137 2196 1619 2285 ἀντιληπτικός)
1665 2206 1857 2279 ipsam
1899 2206 2018 2262 vim
2063 2203 2436 2280 percipiendi

326 2307 330 2311 ·
396 2290 662 2349 nancisci
707 2295 991 2366 potuisse.
1082 2292 1287 2368 itaque
1334 2295 1388 2352 si
1432 2312 1640 2352 revera
1685 2312 1801 2351 vox
1846 2288 2434 2367 ἀντιλαμβάνεσθαι

399 2378 616 2438 Stoicis
673 2380 849 2439 debet
905 2383 1026 2440 vim
1080 2382 1449 2459 percipiendi
1495 2415 1580 2422 -
1628 2390 1688 2440 et
1743 2385 1904 2441 certo
1952 2401 1984 2440 e
2030 2382 2265 2460 vulgari
2315 2401 2436 2441 ser-

396 2487 571 2526 mone
618 2473 860 2545 sumpta
906 2489 1030 2529 esse
1075 2491 1195 2529 non
1240 2471 1494 2545 videtur,
1542 2489 1675 2529 cum
1722 2491 1758 2529 a
1805 2471 2193 2547 scriptoribus
2239 2471 2433 2546 philo·

395 2557 598 2632 sophis
655 2560 796 2619 solis
860 2559 1216 2618 adhibeatur
1263 2593 1374 2633 ——,
1451 2579 1626 2635 quam
1693 2562 1950 2618 maxime
1995 2560 2295 2619 reicienda
2341 2564 2433 2619 est

395 2646 598 2723 opinio
664 2667 897 2723 eorum,
964 2651 1069 2723 qui
1133 2650 1471 2726 fragmenta
1533 2649 1641 2707 illa
1707 2650 1953 2725 Epicuri
2012 2667 2137 2708 esse
2199 2651 2430 2725 putent.

396 2727 763 2816 (addendum
819 2740 930 2810 est,
992 2738 1152 2812 quod
1209 2740 1393 2796 etiam
1448 2738 1670 2796 similia
1726 2740 1909 2797 verba
1964 2734 2320 2812 κατάληψις
2369 2740 2433 2795 et

397 2823 869 2899 καταληπτικός
926 2846 961 2884 a
1011 2826 1227 2886 Stoicis
1274 2829 1567 2904 originem
1613 2827 1825 2886 ducere
1874 2826 2077 2886 Cicero
2123 2819 2430 2905 testatur.)

533 2914 937 2988 βαρεῖσθαι
1012 2908 1112 2997 (fr.
1160 2915 1354 2974 LXIV
1411 2917 1520 2975 col.
1558 2916 1653 2974 ΠΙ
1698 2936 1752 2977 V.
1796 2919 1832 2975 9
1874 2943 1941 2963 =
1980 2916 2129 2975 Heb.
2178 2918 2239 2975 et
2294 2915 2431 2973 Kal.

393 3003 465 3061 fr.
499 3005 602 3077 24,
648 3023 701 3062 v.
737 2996 806 3085 9)
853 3005 962 3065 hoo
1011 3024 1184 3064 sensu
1232 3004 1567 3064 adhibitum
1624 3008 1714 3065 est
1760 2996 1856 3087 (=
1892 3002 2140 3080 βαρέως
2187 3001 2436 3080 φέρειν,

393 3092 554 3167 apud
607 3097 814 3167 poetas
873 3087 1292 3175 βαρύνεσθαι)
1349 3094 1412 3152 in
1466 3093 1627 3152 LXX
1684 3095 1867 3153 Exod.
1921 3097 1985 3168 7,
2019 3097 2118 3170 14,
2165 3095 2230 3153 in
2275 3113 2435 3154 novo

394 3180 777 3241 Testamento
828 3186 884 3241 2.
916 3182 1044 3242 Cor.
1085 3184 1132 3258 Ι,
1163 3187 1199 3241 8
1251 3187 1310 3242 et
1357 3183 1429 3256 V,
1460 3187 1517 3242 4.
1588 3184 1661 3242 ab
1712 3184 1848 3242 aliis
1883 3183 2279 3259 scriptoribus
2328 3183 2436 3240 ad-

392 3269 558 3329 ditur
602 3289 697 3329 res
745 3291 864 3347 qua
910 3275 1142 3332 animus
1199 3276 1513 3350 gravatur,
1570 3275 1639 3331 ut
1690 3273 2028 3348 exemplum
2076 3273 2321 3331 afferam
2334 3317 2349 3345 ,
2399 3292 2436 3330 a

391 3357 713 3419 Plutarcho
753 3361 860 3420 vit.
889 3381 1015 3438 par.
1045 3382 1102 3438 p.
1136 3363 1330 3421 2731)
1372 3358 1591 3422 πένθει
1633 3358 2085 3436 βεβαρημένος.
2160 3361 2436 3438 vulgaris

390 3449 581 3524 igitur
624 3449 771 3509 haec
817 3451 1176 3529 significatio
1215 3451 1493 3531 vocabuli
1540 3455 1645 3510 est.
1716 3472 1833 3511 vox
1876 3454 2011 3526 ipsa
2060 3450 2281 3525 βαρεῖν
2329 3469 2434 3525 po-

390 3538 548 3596 etica
593 3541 699 3613 est,
748 3540 851 3598 cfr.
898 3541 1083 3616 praef.
1134 3560 1262 3616 cap.
1292 3540 1400 3599 III.

525 3623 873 3713 ἐπαίρειν
933 3627 1217 3690 ἑαυτόν
1272 3621 1375 3711 (fr.
1415 3628 1608 3687 LXIV
1665 3630 1773 3688 col.
1813 3628 1842 3686 I
1890 3649 1943 3688 v.
1987 3632 2021 3687 9
2066 3656 2133 3675 =
2172 3629 2320 3688 Heb.
2372 3634 2436 3687 et
