2693 4100
64 436 118 475 σο·

38 501 120 547 nem

39 570 120 617 ntes

61 637 120 700 sit,

38 781 108 841 ›b0‚

38 868 101 913 ιεε,

38 924 110 985 int,

38 992 115 1063 ντὶ·

38 1081 119 1119 nae.

47 1135 121 1191 ani·
134 1174 140 1209 t

51 1224 121 1263 sme
135 1234 140 1243 ·

38 1284 124 1337 ztites
135 1310 140 1319 ·

1082 261 1526 325 ..97-

280 423 436 476 vitae
472 436 646 489 quam
683 436 900 489 corpus.
974 419 1109 474 inde
1143 422 1344 489 postea
1388 418 1654 504 effectum
1699 435 1821 473 esse
1866 420 2171 474 verisimile
2221 424 2324 489 est,

286 494 465 549 etiam
504 490 739 546 affectus
861 491 964 545 imi
1007 490 1188 545 multo
1234 490 1465 544 maioris
1504 506 1627 546 esse
1672 491 1945 546 momenti
1991 508 2180 560 quam
2207 509 2324 546 cor·

285 565 457 633 poris·
477 562 583 631 (sic
617 563 732 616 iam
822 566 1019 687 senefi).

434 633 536 688 col.
565 633 593 686 I
626 652 676 688 v.
708 640 848 688 2—5
995 650 1061 688 ac
1091 634 1241 688 enim
1269 634 1331 686 in
1358 649 1420 688 re
1449 632 1724 703 Epicurus
1763 634 2028 688 dissentit
2065 651 2100 688 a.
2126 635 2327 690 Demo-

289 706 449 773 crit0‚
495 706 592 774 qui
631 707 878 775 corporis
918 705 1121 759 atomis
1170 704 1410 774 singulis
1459 705 1711 776 singulas
1759 706 1984 760 animae
2029 706 2327 761 adiunctas

289 794 409 831 esse
452 777 657 844 voluit,
714 778 955 833 eundem
1007 776 1187 847 igitur
1230 792 1528 830 numerum
1581 777 1782 830 harum
1831 780 1889 829 et
1938 776 2186 835 illarum,
2204 795 2328 832 esse

286 849 529 918 putavit.
571 847 671 903 cfr.
700 849 863 903 Lucr.
895 848 973 902 III
1010 853 1310 902 avo-395.

432 938 480 972 v.
511 925 543 973 5
599 918 699 974 cfr.
735 919 900 989 Diog.
933 920 1116 974 Laert.
1145 918 1198 972 X
1244 925 1275 986 ξ
1306 924 1373 972 67
1415 919 1530 987 (Us.
1578 937 1633 987 p.
1674 925 1740 971 21
1782 919 2055 988 scholion)
2086 964 2097 974 .
2193 963 2205 974 .
2237 924 2330 975 καὶ

283 995 352 1046 τὸ
409 994 510 1057 μέν
563 1010 616 1046 τι
672 994 880 1057 ἄλογον
934 994 1113 1059 αὐτῆς
1164 994 1417 1061 (ψυχῆς),
1485 993 1517 1046 ὃ
1572 993 1680 1061 τῷ
1712 995 1890 1060 λοιπῷ
1935 994 2325 1059 παρεσπάρθαι

286 1065 528 1129 σώματι·
575 1066 642 1117 τὸ
673 1066 737 1119 δὲ
762 1066 988 1130 λογικὸν
1016 1065 1077 1117 ὲν
1104 1070 1187 1133 τῷ
1225 1065 1507 1131 θώρακι..
1531 1084 1608 1129 ..ς
1666 1061 1763 1117 cfr.
1793 1062 1954 1116 Lucr.
1975 1062 2053 1116 ΠΙ
2092 1067 2194 1115 136
2206 1081 2326 1132 sqq.

429 1152 481 1189 v.
511 1139 624 1188 8—-
638 1139 705 1188 10
759 1136 1021 1191 διέζωσεν
1068 1140 1159 1189 καὶ
1205 1137 1481 1202 ἀντέδησε
1527 1136 1897 1203 δεζμουμένη]
1934 1137 2330 1205 constrinyitur

288 1224 325 1260 a
343 1222 583 1275 corpore,
599 1222 896 1276 meusque
912 1222 1110 1274 corpus
1127 1207 1468 1274 constr-infit.
1509 1203 1772 1258 similiter
1788 1205 1948 1259 Lucr.
1968 1205 2047 1259 HI
2076 1211 2179 1258 323
2197 1208 2330 1261 haec

288 1280 462 1349 ἐρέειν·
486 1283 698 1334 natum
723 1279 820 1346 (sc.
850 1278 1063 1346 anima)
1080 1284 1295 1332 tenetur
1310 1292 1534 1345 corpore
1551 1276 1625 1330 ab
1642 1279 1811 1343 omni,
1839 1279 2068 1346 ipsaque

287 1356 368 1404 est
399 1355 580 1404 custos
615 1356 665 1404 et
699 1365 873 1405 causa
905 1351 1121 1404 salutis.
1197 1348 1267 1402 de
1303 1351 1558 1416 tempore
1596 1347 1696 1402 cfr.
1733 1347 1917 1402 Praef.
1954 1365 2010 1417 p.
2040 1293 2329 1402 ΧΨ

430 1426 588 1474 v.12
646 1423 897 1478 ἄπλατον
949 1422 1119 1491 γάλα]
1175 1421 1246 1474 de
1300 1435 1437 1473 voce
1495 1421 1743 1484 ἄπλατος
1790 1423 1886 1489 (=
1916 1422 2173 1489 ἄπλετος)
2228 1420 2328 1475 cfr.

290 1491 471 1547 Praef
510 1511 566 1562 p.
596 1491 875 1547 XXXVII.

433 1582 488 1617 v.
519 1569 584 1617 13
598 1580 720 1631 sqq.
784 1562 893 1618 toti
928 1563 1062 1617 huic
1089 1563 1215 1618 loco
1253 1561 1456 1617 similis
1486 1563 1574 1615 est
1607 1561 1765 1616 locus
1794 1563 1893 1630 qui
1928 1561 2139 1632 legitur
2176 1562 2331 1631 apud

293 1635 451 1703 Epic.
483 1650 568 1704 ep.
595 1634 624 1689 Ι
660 1640 746 1699 65,
801 1635 903 1690 ubi
938 1635 1161 1689 animae
1187 1635 1432 1701 tantum,
1484 1649 1598 1687 non
1644 1633 1864 1701 corpori
1909 1649 2135 1687 sensum
2169 1634 2330 1687 inna-

294 1708 419 1762 tum
473 1721 592 1789 esse
646 1709 947 1776 probatur,
1012 1712 1071 1760 et
1122 1706 1283 1760 Lucr.
1329 1723 1382 1760 v.
1432 1709 1622 1758 396—
1638 1710 1764 1772 416,
1818 1704 2025 1772 quibus
2080 1705 2332 1758 animum

296 1777 524 1831 maioris
576 1779 852 1833 momenti
905 1794 1027 1833 esse
1083 1794 1254 1846 quam
1319 1776 1571 1830 animam
1635 1776 1709 1830 sd
1764 1776 2098 1830 servandam
2149 1776 2330 1830 vitam

297 1849 545 1904 docetur.
628 1850 731 1903 sed
776 1849 1157 1904 confitendum
1202 1850 1314 1912 est,
1353 1864 1423 1902 ea
1468 1863 1615 1915 quae
1661 1847 1902 1917 legimus
1949 1847 2021 1901 de
2066 1847 2332 1901 membris

296 1920 561 1975 abscissis
600 1922 659 1974 et
684 1921 899 1975 talibus
935 1921 1103 1973 rebus
1142 1918 1216 1972 ad
1251 1918 1384 1973 illas
1412 1918 1644 1988 Epicuri
1672 1921 1731 1973 et
1756 1919 2005 1972 Lucretii
2035 1934 2333 1989 argumen-

294 1992 540 2046 tationes
578 1992 757 2045 multo
796 1991 986 2061 aptius
1026 1989 1213 2044 afferri
1260 2007 1432 2060 quam
1459 1937 1559 2043 pad
1595 1990 1758 2044 hanc.
1833 2007 1965 2043 nam
2011 1990 2060 2043 si
2106 1990 2329 2056 dicitur,

296 2081 526 2133 corpore
564 2063 866 2118 debilitato
892 2061 985 2116 vel
1011 2062 1273 2116 mutilato
1301 2065 1494 2116 tamen
1531 2063 1780 2116 animam
1810 2079 2036 2117 sensum
2072 2062 2331 2129 retinere,

298 2136 398 2189 sed
435 2135 628 2190 anima
665 2133 901 2203 expulsa.
937 2150 1138 2202 corpus
1175 2151 1484 2202 numquam
1521 2134 1730 2188 sentire
1758 2133 2014 2202 quamvis
2050 2132 2334 2204 integrum

300 2207 390 2274 sit,
435 2207 545 2260 hac
590 2205 821 2273 quidem
858 2222 925 2257 ex
960 2221 1022 2259 re
1060 2204 1319 2259 concludi
1356 2208 1563 2273 potest,
1611 2205 1860 2258 animam
1912 2203 2090 2259 solam
2137 2221 2333 2260 sensus

297 2295 528 2333 causam
564 2292 705 2344 esse,
742 2292 1056 2345 corpusque
1094 2275 1142 2329 si
1179 2276 1392 2330 sentiat
1416 2279 1715 2345 praesente
1751 2277 1958 2343 anima,
1996 2292 2222 2331 sensum
2258 2277 2332 2331 ab

297 2349 403 2403 ina
455 2350 677 2401 tantum
732 2350 990 2401 mutuum
1044 2347 1270 2402 hebere.
1352 2348 1646 2404 Lucretius
1702 2364 1925 2417 quoque
1980 2349 2100 2402 iure
2147 2348 2335 2402 dicere

295 2422 502 2490 potest,
540 2419 763 2474 animae
792 2419 1022 2492 quidem
1049 2434 1315 2489 magnam
1352 2422 1571 2487 partem
1598 2419 1881 2474 hominem
1917 2419 2169 2488 perdere,
2207 2437 2335 2473 cum

296 2490 555 2546 membra
589 2491 793 2559 perdat
829 2487 982 2561 (nam
1020 2491 1244 2545 animae
1282 2491 1499 2572 semina
1532 2507 1636 2560 per
1672 2492 1856 2546 totum
1893 2507 2093 2573 corpus
2142 2490 2335 2544 distri-

298 2563 441 2617 buta
479 2562 657 2631 sunt),
711 2578 895 2630 neque
948 2564 1138 2616 tamen
1191 2561 1353 2629 mori,
1410 2563 1458 2615 si
1511 2562 1678 2617 modo
1734 2562 1955 2616 animus
1999 2561 2061 2614 in
2104 2564 2334 2645 pectore

298 2636 614 2699 remaneat,
661 2635 723 2687 at
769 2635 964 2688 contra.
1009 2633 1197 2687 animo
1235 2604 1577 2703 interempto
1615 2633 1788 2687 etiam
1838 2633 2089 2687 animam
2133 2633 2333 2702 perire,

302 2706 473 2770 atque
509 2703 632 2759 iure
668 2721 736 2759 ex
774 2721 840 2759 eo
878 2705 1142 2776 colligere
1181 2707 1387 2774 potest,
1425 2705 1678 2758 animum
1717 2705 1790 2758 ad
1827 2705 2005 2758 vitam
2042 2705 2334 2759 dominan-

302 2776 492 2829 tiorem
528 2793 646 2829 esse
685 2793 856 2845 quam
892 2777 1157 2831 animam.
1235 2777 1336 2830 sed
1372 2776 1511 2845 quid
1547 2776 1655 2831 hoc
1702 2779 1812 2844 est,
1864 2776 2016 2845 quod
2052 2775 2333 2846 Diogenes

302 2846 462 2905 dicit.
499 2846 799 2902 debilitato
835 2847 928 2903 vel
956 2847 1292 2902 obtruncato
1321 2863 1552 2916 corpore
1578 2847 1832 2902 homines
1869 2864 1983 2902 non
2008 2847 2168 2916 mori,
2206 2864 2334 2901 cum

302 2917 493 2972 anima
526 2921 834 2985 remaneat,
872 2920 1065 2974 anima
1091 2923 1283 2973 autem
1309 2918 1564 3002 fugiente
1601 2919 1745 2973 mori
1773 2935 1867 2973 eos
1895 2919 2153 2986 quamvis
2190 2918 2334 2972 inte-

300 2996 465 3060 grum
501 2990 579 3044 sit
615 3007 834 3075 corpus,
880 2993 937 3044 et
972 2991 1106 3045 inde
1144 3007 1409 3060 cognosci
1453 3006 1618 3060 posse
1665 3008 1836 3058 quam
1880 2988 2060 3044 multo
2104 2989 2334 3044 maioris

299 3061 565 3131 ponderis
603 3063 678 3116 ad
716 3060 894 3116 vitam
931 3062 1265 3116 servandam
1303 3062 1380 3114 sit
1417 3061 1608 3115 anima
1644 3068 1908 3130 corpore?
1973 3077 2173 3115 sanum
2210 3061 2334 3130 qui-

302 3132 432 3188 dem
469 3137 865 3202 argumentum
900 3151 1013 3187 non
1049 3136 1150 3188 est.
1218 3133 1416 3187 eodem
1451 3134 1574 3188 iure
1611 3132 1799 3188 dicere
1826 3131 2015 3202 potuit
2048 3131 2334 3186 hominem

305 3204 636 3285 obtruncato
674 3220 905 3275 corpore
939 3208 1133 3259 tamen
1158 3204 1364 3271 vivere,
1402 3221 1531 3259 cum
1555 3204 1676 3260 vita
1711 3205 2042 3259 remaneret.
2115 3219 2249 3256 nam
2284 3204 2333 3257 si

307 3274 434 3342 quis
478 3278 850 3344 quaesivisset
893 3274 1229 3344 Diogenem,
1275 3276 1428 3331 unde
1474 3278 1851 3359 cognosceret,
1907 3292 2042 3328 num
2095 3273 2334 3344 perditis

307 3344 586 3400 membris
597 3349 788 3402 anima
815 3346 876 3400 in
905 3364 1133 3431 corpore
1162 3350 1532 3416 permaneret,
1571 3365 1685 3403 non
1705 3347 1920 3411 dubito,
1949 3345 2086 3414 quin
2106 3362 2335 3415 respon·

308 3416 745 3541 ειιιιῂιίείὃῖιιοιίὺ,,
713 3418 886 3488 „quia
920 3416 1065 3472 vivit
1099 3418 1315 3472 homo“.
1392 3418 1623 3487 Epicuri
1669 3417 2084 3488 argumentatio
2132 3416 2335 3471 stolide

305 3506 403 3543 mu
541 3503 576 3540 a
613 3492 711 3542 est.

425 3559 555 3612 c-ol.
595 3558 673 3611 111
715 3577 766 3614 v.
797 3566 828 3612 9
886 3560 1141 3630 αὐτοῦ]
1125 3579 1162 3614 ι.
1192 3576 1239 3614 e.
1278 3567 1381 3615 τοῦ
1428 3567 1545 3629 ζῆν.
1622 3562 1881 3615 construe
1910 3566 2213 3616 «τοσοῦτον
2266 3563 2334 3615 τὸ

303 3633 547 3699 ψυχικὸν
576 3634 740 3699 μέρος
774 3635 938 3698 ἡμῶν
965 3635 1141 3687 αὐτοῦ
1169 3634 1293 3700 (τοῦ
1323 3635 1446 3702 Ζῆν)
1476 3634 1764 3699 βασιλεύει.
1839 3630 2037 3685 dubito
2074 3648 2147 3686 an
2183 3634 2336 3685 recte

415 3730 653 3772 Dromius
684 3729 1062 3772 Οιιεοᾼιιιιιιιηιε
1100 3734 1363 3781 fragmento.
1389 3730 1458 3770 ed.
1488 3730 1762 3772 william.
1981 3727 2008 3774 7
