2693 4100
1141 257 1746 334 -102—‘

367 441 559 479 versus
599 430 736 478 1-3
773 427 859 480 ita
889 425 1152 494 supplevi
1188 429 1269 493 ub,
1309 425 1457 480 sicut
1491 425 1829 510 postulatur,
1885 427 2135 510 oppositi
2173 427 2288 480 sint
2326 444 2429 480 se-a

370 495 672 563 quentibus
709 497 976 552 versibus.
1034 500 1274 551 matrem
1321 497 1522 565 opinor
1566 497 1857 552 nocturnis
1904 498 2157 564 66166116,
2203 498 2413 566 quibus

368 567 548 620 filium
604 568 792 622 videre
847 568 1114 638 putabat,
1171 568 1540 622 sollicitatam
1596 571 1653 622 61,
1707 568 1824 622 filio
1875 568 2093 638 aliquid
2138 570 2414 623 accidisse

365 642 551 692 ratam
596 640 917 694 consolatur
951 639 1258 710 Diogenes,
1311 657 1438 693 cum
1483 640 1729 708 primum
1776 640 1920 694 tales
1958 641 2172 709 species
2211 641 2417 694 absen-

368 709 514 763 tium
569 710 735 764 6111111
789 710 1080 765 faciendas
1137 727 1260 765 esse
1313 711 1579 765 ostendat
1623 713 1821 794 (usque
1870 712 1943 765 ad
1990 711 2095 766 col.
2131 711 2210 765 ΠΙ
2245 731 2296 766 v.
2337 713 2413 782 3),

369 780 572 834 deinde
630 785 901 850 exponat,
967 801 996 835 6
1053 783 1334 837 contrario
1391 799 1451 836 66
1504 782 1767 836 166311616
1830 782 1993 836 bonis
2046 783 2423 852 philosophia

365 852 639 999 praeb)itis
685 853 799 906 frui
847 852 972 923 (661.
1009 853 1089 907 ΙΠ
1123 873 1173 908 v.
1206 860 1237 907 3
1275 870 1456 921 usque
1502 855 1574 908 ad
1619 854 1861 922 proximi
1896 854 2204 925 fragmenti
2242 854 2345 908 col.
2385 854 2413 908 1

367 941 405 976 v
463 929 530 977 10

511 1013 616 1067 661.
644 1013 724 1066 IV
760 1031 807 1066 v
852 1019 879 1066 1
938 1017 1101 1081 ἡμεῑν
1153 1014 1291 1082 τάδ’,
1350 1014 1443 1069 οἶα
1499 1014 1724 1084 scripsi,
1782 1016 1881 1069 sed
1936 1014 2222 1068 dubitans.
2295 1031 2417 1068 non

361 1101 546 1152 parva
593 1086 753 1140 ‘nobis
797 1086 1127 1166 continyumt
1167 1087 1325 1152 haec,
1379 1087 1579 1156 quippe
1633 1087 1828 1154 qualia
1872 1103 1972 1140 nos
2015 1102 2140 1142 curm
2185 1086 2273 1140 dis
2308 1085 2415 1141 ad

366 1162 610 1225 aequent.
693 1155 893 1209 melius
959 1156 1173 1211 diceret
1228 1155 1550 1229 <τοιαῠ>τα
1605 1158 1658 1260 δ’
1658 1200 1671 1226 ,
1729 1173 1875 1225 quae
1936 1157 2177 1211 fortasse
2241 1155 2417 1225 culpa

367 1225 653 1295 lapicidae
690 1229 953 1281 truncata
989 1230 1135 1281 sunt.

508 1316 560 1353 v.
591 1304 623 1351 3
669 1294 925 1352 homines
973 1299 1204 1353 deorum
1249 1254 1666 1354 beatitudinem
1713 1299 1935 1368 assequi
1980 1315 2147 1368 posse
2184 1298 2413 1367 saepius

368 1368 645 1437 Epicurus
692 1369 862 1435 dixit,
911 1369 1064 1423 velut
1101 1371 1167 1424 fr.
1197 1376 1300 1423 602
1349 1373 1538 1436 ἔλεγεν
1575 1371 1943 1440 (Ἐπίκουρος)
1991 1373 2226 1438 ἑτοίμως
2263 1374 2418 1438 ἔχειν

368 1445 458 1495 καὶ
512 1448 596 1510 τῶ
652 1443 745 1496 Διὶ
800 1443 958 1509 ὑπὲρ
998 1442 1352 1508 εὐδαιμονίας
1406 1443 1828 1508 διαγωνίζεσθαι
1884 1446 2061 1510 μᾶζαν
2118 1445 2264 1510 ἔχων
2318 1441 2417 1496 καὶ

365 1514 522 1581 ὕδωρ
561 1495 619 1566 et
655 1512 811 1581 Epic.
852 1528 939 1580 ep.
969 1511 1048 1568 111
1077 1518 1195 1566 135.

309 1590 314 1591 ’
507 1601 560 1636 v,
592 1591 625 1637 4
665 1583 1062 1637 aeternitabem
1098 1583 1243 1637 611111
1281 1578 1479 1637 afferre
1518 1585 1613 1637 ad
1630 1584 1859 1638 beatam
1889 1585 2070 1638 vibam
2107 1584 2250 1638 dicit
2274 1583 2419 1652 Epi-

366 1671 532 1708 curus
581 1656 733 1723 apud
781 1654 893 1709 Cic
935 1656 1003 1708 de
1048 1655 1140 1708 fin.
1181 1655 1233 1708 Π
1264 1661 1352 1723 27,
1371 1660 1440 1709 87
1487 1663 1653 1727 ‘neyat
1687 1656 1975 1725 Epicurus
2023 1673 2091 1710 ne
2127 1656 2417 1710 diuturni-

365 1733 529 1781 tatem
566 1726 787 1795 quidem
833 1728 1090 1795 temporis
1134 1729 1211 1781 ad
1259 1727 1408 1782 beate
1451 1728 1744 1790 vivendum
1781 1727 2001 1796 aliquid
2035 1727 2260 1794 afferre,
2313 1743 2421 1781 nec

363 1799 629 1852 minorem
673 1798 1009 1866 voluptatem
1092 1801 1267 1868 ercipi
1307 1801 1373 1852 in
1418 1800 1681 1853 brevitate
1727 1800 1982 1867 temporis
2018 1815 2185 1866 quam
2221 1800 2273 1852 si
2307 1799 2411 1853 ina

363 1871 438 1924 sit
470 1873 812 1939 sempiterna.
907 1869 1006 1923 cfr.
1088 1870 1233 1924 16.1
1265 1887 1310 1924 6.
1352 1870 1473 1923 119
1517 1875 1548 1935 ς)
1579 1871 1756 1941 62s63,
1794 1887 1914 1938 κυρ.
1953 1871 2066 1924 δόξ.
2105 1869 2253 1937 ΧΙΧ,
2288 1869 2417 1922 XX.

508 1994 593 2049 fr.
630 1994 824 2050 LXIV
864 1993 967 2048 661.
1006 1995 1068 2047 Ι
1088 2011 1217 2048 cum
1270 1994 1475 2079 prioris
1508 1993 1836 2093 fragmenti
1891 1994 2152 2047 columna
2207 1996 2421 2063 quarta

366 2070 486 2120 arbe
526 2067 829 2120 coniuncta
866 2070 1209 2133 661;.,,611111
1243 2065 1521 2121 vivimus“
1527 2066 1800 2135 ,inquit‚
1854 2083 2067 2134 „aeque
2107 2069 2277 2134 atque
2317 2065 2409 2119 dei

362 2136 656 2206 laetamur,
704 2155 832 2191 cum
866 2109 1077 2219 mortui
1114 2155 1322 2204 sumus,
1370 2137 1524 2191 omni
1563 2155 1728 2192 666611
1767 2154 2037 2205 6616111116,
2074 2137 2268 2206 itaque
2305 2154 2416 2191 1166·

362 2208 533 2278 volup
536 2211 685 2263 tabes
729 2209 883 2263 vitae
941 2208 1197 2262 amisisse
1243 2226 1357 2263 non
1405 2209 1731 2263 senbimus.“
1806 2224 1917 2277 quo
1962 2209 2266 2277 probatum
2303 2210 2407 2276 est,

364 2280 517 2349 quod
553 2280 619 2333 fr.
651 2280 825 2334 LXIII
861 2280 964 2335 col.
993 2280 1072 2334 IV
1109 2279 1335 2347 dicitur,
1373 2280 1785 2334 mortalitabem
1821 2298 1923 2333 nos
1961 2280 2194 2334 minime
2232 2280 2413 2348 impe-

366 2351 504 2417 dire,
544 2352 844 2419 quominus
883 2352 1112 2405 deorum
1148 2351 1559 2406 beatimdinem
1598 2351 1995 2419 adaequemus.
2407 2385 2411 2392 ·

508 2440 587 2475 vv.
623 2429 760 2476 1—5
817 2423 957 2491 quin
993 2424 1076 2476 ita
1111 2422 1484 2492 inbellegendi
1524 2423 1654 2489 sint,
1689 2425 1757 2477 ut
1792 2423 1961 2477 modo
2000 2422 2136 2488 dixi,
2171 2423 2266 2476 vix
2304 2422 2414 2475 du·-

363 2493 524 2547 bium
571 2512 691 2548 esse
736 2497 942 2562 potest.
1018 2494 1388 2548 conferendus
1436 2498 1523 2548 est
1568 2511 1635 2549 ex
1691 2494 2073 2563 compluribus
2126 2493 2413 2547 similibus-

364 2565 503 2619 locis
560 2565 837 2634 imprimis
892 2565 1254 2635 Pseudoplab.
1311 2565 1545 2619 Axioch.
1601 2584 1653 2634 p.
1707 2571 1810 2619 669
1831 2565 1880 2618 D
1912 2583 2031 2634 sqq.
2091 2564 2220 2634 (toti
2249 2564 2414 2618 -huic

362 2635 559 2690 libello
597 2636 778 2690 multa
812 2637 1009 2691 insunt
1035 2637 1356 2706 Epicurea):
1407 2638 1727 2706 (Ἀξίοχος).
1749 2681 1762 2693 .
1786 2680 1797 2691 .
1821 2638 1943 2703 .ἑμὲ
1981 2639 2042 2691 δὲ
2079 2640 2115 2703 ἡ
2148 2639 2408 2704 στέρησις

363 2714 481 2763 τῶν
529 2709 758 2773 ἀγαθῶν
806 2714 909 2763 τοῦ
949 2712 1053 2776 ζῆν
1091 2713 1251 2764 λυπεῖ
1280 2752 1436 2764 .....
1466 2711 1795 2777 Σωκράτης
1852 2709 2157 2773 Συνάπτεις
2191 2710 2314 2775 γὰρ,
2353 2708 2403 2761 ὡ

366 2779 593 2847 Ἀξίοχε,
632 2781 1067 2845 ἀνεπιλογίστως
1107 2787 1176 2849 τῇ
1218 2781 1477 2848 στερήσει
1512 2786 1631 2835 τῶν
1661 2782 1890 2845 ἀγαθῶν
1929 2781 2276 2844 ἀντεισάγων
2312 2795 2413 2832 κα·

364 2857 489 2906 κῶν·
519 2852 794 2918 αἴσθησιν,
836 2852 1207 2918 ἐκλαθόμενος
1248 2853 1335 2906 ὅτι
1370 2854 1659 2919 τέθνηκας.
1735 2855 1895 2906 λυπεῖ
1930 2853 2036 2918 γὰρ
2074 2853 2177 2904 τὸν
2213 2850 2413 2917 στερό·

366 2939 537 2989 μενον
573 2929 691 2976 τῶν
729 2923 960 2987 ἀγαθῶν
996 2926 1032 2989 ἡ
1073 2924 1402 2978 ἀντιπάθεια
1437 2929 1554 2978 τῶν
1592 2929 1799 2990 κακῶν,
1839 2925 1870 2976 ὁ
1909 2922 1961 2976 δ’
1998 2924 2102 2977 οὐκ
2131 2924 2212 2975 ὢν
2243 2922 2414 2975 οὐδὲ

362 2998 484 3060 τῆς
520 2994 913 3061 στερήσεως
950 2995 1543 3061 ἀντιλαμβάνεται.

505 3082 557 3118 v.
589 3070 622 3116 4
660 3067 722 3119 δὲ
777 3066 897 3117 tam
944 3064 1111 3135 longe
1151 3064 1223 3118 ab
1261 3066 1428 3118 initio
1466 3065 1780 3119 sententiae
1817 3066 2096 3117 remotum
2129 3062 2190 3115 in
2229 3061 2408 3115 simili

364 3136 646 3190 sententia
682 3135 748 3189 fr.
780 3135 953 3189 LXVI
988 3154 1040 3189 v.
1073 3140 1136 3189 11
1179 3139 1248 3191 ἂν
1288 3140 1362 3203 μὴ
1404 3139 1743 3203 διαγένωμαι
1780 3138 1858 3190 δέ.

506 3225 554 3261 v.
587 3213 614 3259 7
655 3210 943 3274 προσδόκα
979 3211 1127 3275 ἡμᾶς
1162 3208 1462 3276 χαίροντας
1498 3207 1598 3262 cfr.
1635 3206 1883 3275 Praefp
1889 3203 2177 3261 ..XXVIII

506 3296 557 3333 v
590 3285 621 3331 9
679 3281 870 3347 ἔπαιρε
926 3282 1172 3346 σεαυτὴν
1227 3279 1323 3347 ἐφ’
1368 3279 1453 3344 οἷς
1496 3281 1832 3348 πράττομεν.
1844 3224 2216 3332 Ρ1Ἱ661161·11111
2266 3277 2411 3329 11666

360 3349 536 3403 verba
572 3349 1039 3418 interpretantem
1066 3354 1206 3420 puto
1234 3353 1389 3405 recte
1413 3350 1694 3419 proficisci
1723 3366 1758 3403 a
1786 3348 2027 3403 formula
2055 3350 2247 3416 ἔπαιρε
2275 3363 2409 3402 σαυ·

362 3423 480 3489 τόν,
538 3438 708 3489 quam
764 3437 930 3490 saepe
990 3422 1142 3490 apud
1196 3424 1395 3490 poetas
1451 3423 1701 3504 tragicos
1751 3423 1810 3475 et
1855 3419 2100 3474 comicos
2146 3419 2408 3489 legimus,

362 3509 657 3617 aasz?
659 3491 1905 3634 2112¹¹2⁰1u3¹²32323³333322¹32r‘fizffssffmffi
1928 3491 2409 3643 Ρῖξρῖξῗέοέἓῗὲ
2468 3583 2481 3588 ‚

364 3633 677 3701 timentem,
734 3650 805 3688 ne
861 3634 1010 3688 filius
1057 3633 1207 3689 male
1263 3653 1321 3689 66
1378 3635 1588 3689 habeat,
1635 3634 1753 3706 (cfr.
1796 3635 1868 3687 ad
1904 3634 1971 3688 fr.
2021 3630 2405 3688 antecedentis
