2693 4100
1160 236 1236 244 -.
1338 198 1423 263 86
1514 235 1604 245 ..-

359 361 559 411 παθῶν
599 361 689 410 καὶ
725 358 967 421 διάθεσις
1002 361 1188 424 ψυχῆς
1223 359 1291 411 τὸ
1330 358 1474 411 κατὰ
1511 358 1683 425 φύσιν
1721 357 2012 424 ὁρίζουσα,
2062 356 2158 411 cfr.
2188 356 2255 410 fr.
2290 361 2403 410 470

358 430 500 495 πρὸς
535 430 636 494 μὲν
657 426 812 499 <τὸ>
847 432 951 495 τῆς
986 432 1173 495 ψυχῆς
1209 429 1503 493 ἀξιόλογον
1520 431 1775 495 ταραχὴν
1803 430 1955 483 λύειν
1989 430 2157 484 οὐδὲν
2186 429 2402 495 ἰσχύειν

361 499 484 553 οὐδ’
519 500 551 553 ό
571 505 681 563 πᾶς
714 504 958 563 πλοῦτος
994 500 1288 565 συναχθείς
1325 501 1385 553 et
1402 497 1675 552 Wotkel.
1707 515 1753 552 c.
1785 501 1925 553 sent.
1957 504 2023 553 81
2056 502 2124 554 οὐ
2143 502 2262 554 λύει
2288 502 2402 567 τὴν

359 575 462 637 τῆς
517 574 703 638 ψυχὴς
756 573 1009 638 ταραχὴν
1056 572 1190 625 ούδέ
1217 571 1323 624 τιν’
1364 572 1658 636 ἀξιόλογον
1698 572 1984 637 ἀπογεννᾶ
2036 573 2214 638 χαρὰν
2264 572 2404 626 οὔτε

357 645 602 705 πλουτος
629 643 898 709 ὑπάρχων
922 645 954 695 ὁ
977 644 1233 707 μέγιστος
1260 641 1385 696 οὐδ’
1419 644 1454 709 ἡ
1495 643 1648 709 παρὰ
1692 648 1812 706 τοῖς
1855 646 2083 707 πολλοῖς
2124 645 2256 709 τιμὴ
2306 645 2401 696 καὶ

358 713 676 779 περίβλεψις
721 713 843 768 οὔτ’
892 715 1028 768 ἄλλο
1078 731 1131 767 τι
1175 718 1295 768 τῶν
1339 715 1494 780 παρὰ
1542 715 1645 777 τὰς
1698 714 2051 780 ἀδιορίστους
2105 713 2285 778 αἰτίας
2339 715 2403 767 et

358 783 583 836 Horatii
619 783 752 837 libri
779 784 830 837 11
867 801 1034 837 carm.
1065 782 1195 837 XVI
1230 801 1279 836 v.
1312 789 1343 836 9
1364 801 1485 853 sqq.

500 872 549 909 v.
581 860 614 908 8
635 872 754 923 sqq.
829 871 901 910 ne
937 854 1232 924 epularum
1267 855 1499 922 quidem
1536 857 1593 909 et
1630 855 1863 910 Veneris
1905 855 2227 924 voluptates
2265 854 2401 908 bea-

358 930 476 979 tam
532 926 752 980 efficere
808 926 984 980 vitam
1036 926 1313 995 Epicurus
1372 926 1536 980 docet
1587 942 1675 995 ep.
1711 926 1791 980 HI
1844 932 1875 992 ξ
1907 932 2008 979 132
2066 925 2182 997 (Us.
2220 944 2274 995 p.
2307 928 2401 996 64)

358 999 426 1052 οὐ
463 999 571 1064 γὰρ
607 1000 772 1055 πότοι
810 1003 900 1052 καὶ
938 1004 1115 1064 κῶμοι
1154 999 1508 1065 συνείροντες
1534 998 1660 1052 οὐδ’
1704 1000 2012 1062 ἀπόλαυσις
2047 998 2266 1053 παίδων
2304 1001 2401 1052 καί

356 1074 641 1134 γυναικῶν
679 1070 802 1124 οὐδ’
829 1069 1038 1136 ἰχθύων
1077 1073 1168 1123 καὶ
1203 1074 1322 1123 τῶν
1362 1071 1566 1135 ἄλλων,
1603 1071 1712 1123 ὅσα
1742 1072 1902 1138 φέρει
1929 1073 2242 1137 πολυτελὴς
2266 1070 2401 1136 τρά·

355 1144 512 1208 πεζα,
549 1143 653 1194 τὸν
688 1143 833 1208 ἡδὺν
869 1147 1040 1211 γεννᾷ
1070 1140 1212 1207 βίον.

501 1228 604 1282 col.
635 1228 726 1281 HI.
784 1229 846 1282 in
882 1228 1200 1297 supplenda
1229 1229 1491 1284 columna
1519 1246 1714 1283 ansam
1746 1228 2021 1298 praebent
2058 1231 2117 1282 et
2151 1227 2400 1282 lineolae

359 1299 525 1353 initio
563 1316 753 1353 versus
792 1299 1163 1368 subscriptae,
1214 1301 1427 1369 quippe
1464 1317 1609 1369 quae
1645 1301 1814 1355 finem
1859 1299 2267 1355 sententiarum
2311 1300 2399 1353 in-

360 1369 569 1439 dicent,
608 1373 666 1424 et
704 1371 889 1438 spatia
926 1374 1055 1440 post
1094 1390 1193 1437 μεν
1231 1373 1300 1441 (v.
1332 1374 1404 1441 3),
1444 1377 1585 1438 μεθα
1623 1377 1690 1439 (v.
1724 1374 1802 1441 9),
1840 1377 1913 1427 θα
1951 1373 2020 1441 (v.
2055 1375 2142 1440 13)
2179 1370 2398 1424 relicta.

356 1441 547 1495 Etiam
573 1442 784 1497 lineola
811 1443 1043 1496 incurva
1071 1444 1139 1511 (v.
1174 1446 1261 1511 12)
1290 1443 1419 1496 usui
1448 1446 1550 1497 est.
1606 1458 1788 1511 neque
1818 1444 1970 1497 enim
1998 1442 2169 1512 plane
2197 1441 2401 1496 eadem

354 1513 412 1566 vi
448 1513 671 1568 videtur
707 1529 829 1568 esse
868 1516 1039 1581 atque
1074 1513 1287 1568 lineola
1335 1516 1506 1580 recta,
1555 1515 1708 1583 quod
1750 1517 1960 1584 putant
1995 1514 2135 1568 Heb.
2176 1516 2236 1567 et
2271 1512 2397 1566 Kal.

356 1586 431 1654 (p.
466 1587 613 1654 353),
653 1585 702 1638 si
741 1585 924 1639 acrius
962 1585 1198 1653 inspicis
1227 1588 1341 1640 tres
1380 1585 1510 1640 illos
1547 1584 1717 1651 locos,
1762 1585 1968 1655 quibus
2008 1585 2079 1639 de
2129 1585 2400 1639 contextu

357 1655 658 1710 diiudicari
702 1659 906 1724 potest.
1000 1656 1085 1725 (fr.
1116 1657 1142 1710 Ι
1188 1657 1320 1727 (ΗΚ
1351 1660 1439 1727 59)
1488 1656 1591 1711 col.
1620 1657 1688 1724 H,
1727 1604 1800 1721 4(;1
1861 1656 1929 1710 fr.
1959 1656 2088 1710 XXI
2133 1655 2267 1725 (HK
2304 1658 2396 1725 46)

357 1727 463 1781 col.
491 1727 559 1794 H,
591 1733 647 1794 93
712 1728 779 1781 fr.
809 1727 963 1781 XXV
1010 1727 1143 1794 (HK
1173 1734 1268 1795 66,
1313 1732 1402 1797 67)
1450 1727 1553 1782 col.
1592 1728 1670 1781 lV
1719 1731 1823 1798 11).
1908 1745 2041 1782 nam
2087 1726 2205 1781 illis
2256 1726 2398 1780 locis

354 1799 440 1852 ita
477 1799 770 1853 adhibitae
807 1802 954 1867 sunt,
1007 1802 1072 1853 ut
1109 1800 1276 1853 finem
1312 1799 1536 1869 periodi
1572 1799 1904 1854 interiectae
1943 1802 2002 1853 et
2037 1814 2398 1869 progressum

355 1870 625 1924 orationis
672 1870 920 1938 quodam
969 1871 1135 1925 modo
1180 1871 1515 1925 remorantis
1562 1871 1896 1941 significent.
1983 1869 2145 1935 Quod
2201 1886 2398 1937 quam-

355 1958 524 2010 quam
572 1942 815 1995 maxime
861 1941 928 1995 fr.
958 1941 984 1994 Ι
1020 1941 1155 2012 (HK
1186 1945 1273 2011 59)
1320 1944 1583 2010 apparet,
1639 1942 1739 1996 ubi
1784 1958 1993 2010 magna
2038 1940 2397 2010 parenthesis

355 2012 564 2080 finitur,
604 2016 796 2069 tamen
834 2013 1035 2069 ceteris
1073 2030 1298 2083 quoque
1324 2014 1465 2069 locis
1505 2031 1604 2068 nos
1641 2012 1839 2085 fugere
1876 2030 1989 2068 non
2026 2014 2232 2082 potest,
2271 2011 2398 2080 qui-

354 2084 459 2138 bus
497 2085 719 2139 brevior
754 2087 841 2140 est
877 2085 1039 2140 colon
1075 2085 1434 2142 interiectum
1472 2085 1559 2156 (fr.
1588 2032 1746 2138 XXIg
1755 2085 1892 2156 (HK
1917 2088 2008 2155 46)
2047 2086 2256 2153 χαίρειν
2294 2085 2399 2151 μὲν

353 2161 526 2210 πᾶσιν
571 2159 830 2222 λέγοντες
883 2157 1130 2222 ἰδιώταις
1183 2176 1244 2212 τε
1300 2162 1392 2212 καὶ
1440 2160 1798 2226 φιλοσόφοις,
1858 2157 1913 2212 οἱ
1949 2160 2395 2212 δοκοῦσιν..

310 2262 315 2266 -
356 2229 630 2296 ἀστέρων,
678 2229 970 2294 ἐξάγοντες
1007 2231 1069 2283 δὲ
1107 2233 1222 2283 κτλ.
1275 2230 1333 2283 et
1378 2228 1444 2282 fr
1477 2228 1629 2281 XXV
1675 2200 1812 2298 (HK
1840 2229 2038 2300 66J67)
2086 2227 2177 2281 col
2202 2225 2296 2293 IV,
2329 2231 2397 2280 11

356 2300 425 2353 ού
456 2301 571 2365 δὴ.
693 2305 1029 2354 ,ποιοῦνται
1055 2303 1162 2367 τὴν
1191 2302 1479 2369 πρόνοιαν,
1510 2305 1917 2382 καταλιποῦσαι
1939 2340 2397 2354 ...........

354 2372 735 2439 γεγέννηνται,
775 2372 956 2425 ἀλλὰ.
1038 2372 1409 2438 ..πράττουσι
1488 2371 1570 2425 sic
1615 2372 1710 2425 hic
1757 2386 1980 2439 quoque
2027 2388 2076 2424 V.
2111 2376 2176 2423 12
2221 2369 2401 2423 inter-

355 2440 578 2509 positae
616 2442 932 2496 sententiae
966 2413 1096 2495 'sinis
1132 2442 1433 2498 indicatur.

499 2512 758 2585 v.13s14
795 2513 878 2566 ita
909 2513 1184 2583 supplevi,
1222 2516 1288 2566 ut
1314 2514 1382 2568 fr.
1403 2513 1583 2567 XXIV
1618 2513 1722 2567 col.
1742 2513 1821 2566 III
1846 2531 1897 2567 v.
1920 2520 1951 2567 6
1981 2513 2092 2566 huc
2119 2511 2400 2566 referatur

362 2585 536 2649 μόνον
574 2584 625 2638 δ’
662 2587 822 2653 ἀξιω,
863 2587 941 2649 ὡς
977 2589 1069 2640 καὶ
1107 2588 1363 2653 ἔνανχος,
1403 2590 1518 2640 κτλ.

503 2689 585 2744 fr.
589 2689 795 2746 XXIV
835 2689 939 2744 col.
968 2690 996 2743 I
1030 2709 1081 2745 v.
1114 2697 1142 2744 1
1182 2691 1421 2745 fortasse
1460 2692 1529 2746 de
1566 2692 1779 2746 talibus
1808 2690 2134 2746 hominibus
2171 2689 2399 2744 locutus

357 2762 480 2813 erat
534 2762 797 2830 scriptor,
854 2761 954 2831 qui
1008 2780 1157 2817 nunc
1211 2763 1444 2831 quidem
1499 2764 1921 2818 contemnerent
1974 2761 2400 2844 philosophiam

355 2831 603 2901 Epicuri,
654 2849 786 2887 mox
834 2835 1024 2887 autem
1073 2834 1413 2902 procedente
1461 2837 1714 2903 tempore
1767 2834 1840 2887 ad
1890 2781 2051 2887 illam
2100 2832 2402 2887 transituri

362 2906 550 2957 essent
586 2905 662 2973 (οἱ
698 2906 890 2972 χρόνοι
929 2907 1182 2975 [αὐτοὺς]
1221 2907 1719 2989 παραστήσονται).

425 3045 461 3100 1
493 2992 547 3098 ἦ.
579 2980 610 3028 5
650 2977 790 3030 οἴκοι
828 2979 1215 3047 καθημένους]
1292 2978 1445 3031 senio
1484 2978 1635 3032 enim
1673 2976 1961 3030 confectus
2001 2976 2085 3027 est
2123 2974 2222 3029 cfr.
2251 2973 2319 3028 fr.
2349 2973 2403 3027 11

355 3064 422 3100 co
581 3064 630 3100 v.
664 3053 825 3115 7sqq.

504 3124 614 3172 v.''1
654 3118 753 3172 cfr.
782 3116 850 3172 fr.
879 3117 1230 3172 HcolVIv
1280 3126 1325 3172 1.

499 3206 548 3242 v.
578 3195 610 3243 8
651 3193 725 3257 μὴ
753 3195 923 3244 πᾶσιν
952 3197 1070 3254 τοῖς
1108 3192 1354 3246 ἐνταῦθα
1393 3193 1576 3260 οὖσιν]
1614 3195 1749 3255 τοὺς
1776 3190 2171 3258 εύσυνκρίτους
2207 3190 2401 3243 αὐτῶν

350 3259 623 3313 adiuvare
671 3278 729 3314 se
775 3259 920 3316 velle
968 3260 1109 3315 dicit
1153 3261 1219 3314 fr.
1251 3261 1277 3314 Ι
1324 3262 1428 3316 col.
1456 3261 1509 3315 H
1563 3268 1630 3314 14
1666 3261 1783 3330 (cfr.
1813 3260 1882 3314 fr.
1909 3259 1963 3313 H
2000 3259 2103 3314 col.
2133 3258 2213 3313 IH
2247 3276 2298 3313 v.
2328 3263 2401 3328 4).

501 3348 553 3385 v.
588 3337 652 3385 12
670 3349 790 3400 sqq.
831 3332 928 3385 cfr.
957 3332 1023 3385 fr.
1053 3332 1104 3385 Π
1142 3332 1246 3386 col.
1277 3333 1328 3386 V
1363 3351 1415 3387 v.
1446 3338 1480 3386 4
1519 3335 1575 3386 et
1611 3332 1678 3386 fr.
1717 3331 1866 3386 LXII
1900 3349 1950 3385 v,
1984 3338 2031 3385 1.

500 3419 604 3474 col.
624 3420 675 3473 H
711 3439 759 3474 v.
782 3426 953 3474 3-11
993 3421 1101 3475 hoc
1130 3420 1357 3490 Cynicis
1387 3426 1444 3476 et
1474 3421 1676 3475 Stoicis
1714 3420 1950 3491 placuit.
2025 3419 2125 3474 cfr.
2156 3418 2399 3488 exempli

356 3508 533 3544 eausa
572 3492 893 3546 Musonium
941 3510 994 3560 p.
1027 3498 1114 3559 42,
1147 3498 1176 3546 1
1216 3493 1304 3548 ed.
1341 3493 1554 3547 Hense:
1627 3495 1682 3547 τί
1728 3495 1778 3548 δ’
1823 3494 1950 3560 ούχὶ
2004 3495 2162 3559 κοινὴ
2209 3494 2409 3558 πατρὶς

355 3566 676 3629 ἀνθρώπων
717 3564 985 3618 ἁπάντων
1024 3566 1056 3616 ὁ
1095 3566 1303 3631 κόσμος
1330 3566 1483 3620 ἐστὶν
1521 3567 1713 3635 ὥσπερ
1740 3565 1899 3633 ἠξίου
1942 3564 2262 3631 Σωκράτης
2301 3560 2403 3615 ubi
