2693 4100
1018 237 1463 301 —91—

353 411 409 447 v.
444 399 472 446 7
494 411 615 463 sqq.
654 394 957 464 fugiendas
994 410 1116 448 esse
1152 394 1402 449 rationes
1440 396 1741 465 captiosas,
1780 413 1926 466 quae
1963 396 2047 450 ita
2086 396 2259 451 effici-

208 468 401 532 antur,
437 467 504 518 ut
547 482 655 520 vox
693 464 960 536 ambigua
1008 482 1157 519 nunc
1202 466 1309 520 hoc
1348 484 1497 521 nunc
1533 466 1633 521 illo
1671 469 1836 521 modo
1873 467 2255 538 inteUegatur.

209 537 360 592 tales
388 536 735 612 ratiunculas
767 537 969 592 Stoicis
999 536 1355 661 SOhrysippo)
1383 537 1522 592 vitio
1561 539 1700 592 dant
1725 539 1883 595 velut
1910 538 2156 593 Galenus
2187 540 2256 593 de

216 608 388 676 Hipp.
421 610 478 661 et
497 608 643 662 Plat.
673 626 728 677 p.
753 613 855 662 288
888 608 1006 661 Mul
1033 624 1093 662 er
1119 614 1237 663 τῶν
1268 616 1615 678 σοφιστικῶν
1634 611 2001 679 (λημμάτων),
2031 613 2174 679 ἅπερ
2195 613 2256 667 ἐν

210 680 560 745 ὁμωνυμίαις
594 682 658 735 τέ
684 693 795 735 τισι
833 684 925 735 καὶ
959 687 1077 745 τοῖς
1119 685 1223 748 τῆς
1267 682 1468 746 λέξεως
1514 683 1758 748 σχήμασι
1797 683 2033 748 μάλιστα
2073 683 2257 737 συνίσ-

211 769 397 818 ταται,
436 752 495 805 et
531 769 586 820 p.
618 756 748 817 246,
794 751 895 805 ubi
941 750 1262 820 exemplum
1308 751 1476 806 affert
1520 752 1641 806 eius
1687 754 1841 807 modi
1887 753 2151 819 rationis,
2200 756 2258 806 et

216 841 273 892 p.
304 827 426 885 237,
471 827 502 874 3
555 824 625 877 τὰ
676 825 738 877 δὲ
789 823 1132 889 ὁμωνυμίαις
1179 827 1325 878 τισὶν
1362 827 1397 890 ἢ
1437 831 1553 889 τοῖς
1606 829 1736 906 τῆς.
1758 827 1960 890 λέξεως
2009 825 2257 892 σχήμασι

209 896 726 1019 ἔξὲἷοὲυίρῶηὺὲξέἓ
747 895 1215 1034 ίηῖἓεὶιίὲέἶὶῗάᾳιιῗῢ
1223 899 1515 1035 calptiggiz'
1529 895 2077 1036 τὲὲίοηῗζᾭηῗᾳαξὲο
2087 895 2257 1021 311ιῖζέζὲ

213 1035 699 1106 commemoravit)
754 1036 993 1090 virtutes
1050 1053 1331 1090 summum
1378 1036 1588 1091 bonum
1636 1054 1758 1091 esse
1806 1037 2072 1092 efficiant.
2159 1038 2256 1092 sed

214 1106 337 1160 fieri
382 1107 556 1161 etiam
600 1108 814 1176 potest,
859 1110 926 1162 ut
968 1107 1083 1161 iam
1128 1107 1353 1178 longius
1394 1108 1719 1177 disputatio*
1744 1126 2040 1180 progressa
2087 1110 2163 1162 sit
2199 1111 2257 1162 et

216 1178 498 1248 Diogenes
550 1180 745 1232 contra
791 1195 884 1233 eos
931 1179 1165 1249 pugnet,
1212 1179 1312 1247 qui
1357 1179 1641 1248 voluptati
1676 1180 2047 1247 maledicant,
2094 1181 2256 1250 quasi

217 1249 483 1319 Epicurei
510 1248 848 1304 libidinosas
873 1250 1196 1319 voluptates
1226 1269 1505 1304 summum
1523 1252 1732 1305 bonum
1759 1269 1880 1306 esse
1899 1252 2256 1306 arbitrentur.

211 1322 360 1390 (tum
396 1323 693 1387 ὀνομάτων
731 1324 989 1390 κοινότης
1023 1325 1094 1390 (v.
1126 1324 1214 1390 11)
1241 1321 1368 1375 voci
1395 1325 1575 1390 ἡδονὴ
1605 1323 1792 1391 inest.)
1842 1340 1990 1391 quae
2019 1323 2256 1377 crimina

215 1392 334 1445 iam
388 1391 664 1461 Epicurus
718 1392 948 1463 repellit
1001 1410 1087 1463 ep.
1118 1392 1197 1446 11]
1251 1398 1281 1458 ἓ
1313 1398 1413 1446 181
1471 1394 1587 1464 (Us.
1634 1413 1690 1464 p.
1722 1401 1807 1460 64,
1852 1397 1905 1463 8)
1962 1396 2101 1449 ὅταν
2153 1396 2257 1449 οὖν

209 1466 470 1529 λέγωμεν
504 1466 645 1531 ἡδον
677 1467 909 1531 ὴντέλος
944 1466 1229 1533 ὑπάρχειν,
1267 1466 1336 1519 οὐ
1365 1467 1467 1530 τὰς
1492 1472 1611 1520 τῶν
1640 1468 1883 1521 ἀσώτων
1919 1468 2130 1533 ἡδονὰς
2166 1470 2257 1520 καὶ

213 1536 318 1599 τὰς
355 1537 416 1588 ἑν
446 1538 750 1590 ἀπολαύσει
789 1538 1043 1601 κειμένας
1069 1538 1321 1603 λέγομεν,
1363 1538 1442 1601 ὥς
1477 1555 1622 1602 τινες
1650 1540 1988 1602 ἀγνοοῦντες
2024 1541 2116 1591 καὶ
2152 1538 2258 1603 οὐχ

209 1609 627 1673 ὁμολογοῦντες
672 1610 707 1674 ἢ
757 1613 942 1672 κακῶς
992 1609 1350 1673 ἐκδεχόμενοι
1401 1608 1744 1675 νομίζουσιν,
1798 1612 1937 1663 ἀλλὰ
1990 1612 2059 1663 τὸ
2117 1609 2257 1675 μήτε

211 1679 406 1743 ἀλγεῖν
459 1679 602 1732 κατὰ
657 1684 820 1744 σῶμα
874 1680 1015 1745 μήτε
1060 1680 1435 1745 ταράττεσθαι
1487 1682 1595 1746 τὴν
1632 1681 1838 1747 ψυχήν.
1927 1682 2100 1748 atque
2149 1679 2257 1733 hoc

212 1748 400 1817 magis
440 1748 802 1815 crediderim3
856 1750 1053 1818 itaque
1089 1748 1410 1818 proximum
1458 1749 1841 1821 fragmentum
1885 1750 1996 1804 huc
2040 1750 2255 1804 rettuli.

358 1837 410 1873 v.
446 1824 512 1872 10
540 1825 999 1889 προπηλακιστὴς
1028 1819 1179 1889 apud
1206 1820 1554 1888 Hesychium
1582 1821 1686 1875 sub
1713 1838 1851 1876 voce
1878 1826 2256 1891 προπηλακισ-

213 1893 321 1955 μός
356 1891 671 1959 explicatur
721 1895 847 1961 (vox
896 1892 1025 1962 ipsa
1075 1896 1535 1961 προπηλακιστὴς
1585 1892 1794 1947 omissa
1844 1895 1947 1960 est,
1997 1895 2064 1948 ut
2113 1892 2257 1946 vidit

215 1961 507 2032 Heinsius)
546 1965 877 2031 φιλόνεικος,
918 1964 1276 2031 κολακευτής,
1316 1966 1646 2032 ὑβριστικός,
1686 1967 1889 2029 ἄδικος.
1964 1963 2106 2017 alibi
2150 1981 2258 2017 vox

211 2035 437 2088 exstare
472 2052 587 2088 non
623 2034 860 2089 videtur.

361 2141 445 2196 fr.
478 2140 754 2196 XXVIII
793 2140 894 2195 col.
924 2141 952 2194 I
997 2144 1056 2195 et
1092 2141 1143 2194 11
1190 2142 1382 2210 agitur
1428 2142 1497 2196 de
1543 2142 1711 2196 rebus
1750 2142 2029 2214 eligendis
2075 2146 2134 2197 et
2169 2143 2259 2197 fu-

213 2212 454 2281 giendis.
549 2228 652 2266 nec
716 2213 868 2267 enim
934 2229 1154 2282 semper
1213 2213 1523 2267 secundum
1577 2213 1884 2283 Epicurum
1936 2215 2256 2284 voluptates

211 2282 513 2353 eligendae
561 2287 618 2338 et
662 2284 958 2339 molestiae
1003 2284 1308 2354 fugiendae
1361 2286 1493 2339 sunt
1537 2285 1656 2354 (cfr.
1687 2285 1789 2354 Ep.
1820 2303 1908 2355 ep.
1938 2286 2016 2339 III
2052 2292 2082 2352 ξ
2115 2288 2253 2356 129).

214 2352 323 2407 hoc
359 2354 483 2408 loco
522 2355 592 2409 de
630 2355 904 2410 molestiis
943 2356 1133 2426 agitur
1168 2359 1228 2410 et
1272 2355 1605 2425 explicatur,
1662 2373 1831 2427 saepe
1867 2356 2257 2412 molestiarum

211 2424 431 2479 fructus
468 2430 600 2496 post
634 2427 868 2497 longum
906 2427 1132 2481 demum
1167 2429 1392 2496 tempus
1430 2427 1562 2496 capi
1598 2444 1762 2497 posse
1799 2429 2043 2499 (semper
2078 2428 2258 2498 igitur

211 2500 327 2564 τὴν
361 2501 577 2565 ἡδονὴν
614 2502 680 2552 τὸ
718 2502 879 2564 τέλος
915 2500 1074 2568 esse).

360 2603 443 2658 fr.
472 2603 691 2660 XXIX
729 2605 832 2659 col.
862 2604 889 2657 I
927 2605 1096 2660 modo
1133 2603 1421 2658 incohavit
1459 2605 1699 2674 scriptor
1737 2605 2047 2659 secundum
2084 2609 2258 2676 caput

214 2674 622 2743 disputationis
674 2677 744 2745 (si
792 2677 861 2730 fr.
898 2675 1131 2729 XXVIII
1184 2675 1317 2729 huic
1363 2679 1515 2730 recte
1563 2677 1945 2745 antepositum
1992 2679 2102 2743 est,
2154 2676 2255 2730 illo

213 2744 285 2798 fr.
326 2744 428 2799 col.
458 2746 511 2799 Π
544 2764 593 2800 v.
629 2753 729 2813 10).
803 2749 1108 2817 postquam
1158 2747 1348 2816 priore
1385 2747 1572 2816 capite
1609 2749 1870 2816 exposuit
1903 2748 2256 2818 voluptatem

211 2833 499 2870 summum
525 2817 735 2872 bonum
764 2835 903 2885 esse,
930 2835 1079 2872 nunc
1108 2818 1492 2873 demonstrare
1521 2818 1730 2885 studet,
1768 2819 2049 2887 quomodo
2077 2820 2256 2873 vitam

212 2887 575 2957 voluptatum
610 2890 838 2958 plenam
876 2906 1255 2959 assequamur.

357 2978 409 3012 v.
441 2966 476 3012 4
541 2963 602 3015 ἐν
639 2969 755 3027 τοῖς
791 2962 1181 3029 καταστήμασι
1219 2964 1310 3015 καὶ
1357 2962 1417 3015 ἑν
1463 2968 1585 3025 ταῖς
1627 2963 1915 3031 πράξεσιν]
1979 2961 2256 3032 Epicurus

214 3029 535 3099 voluptates
576 3032 782 3086 dividit
817 3033 878 3085 in
912 3036 1129 3100 ἡδονὴν
1158 3036 1650 3100 καταστηματικὴν
1688 3035 1747 3086 et
1781 3036 1888 3100 τὴν
1927 3036 1987 3088 ὲν
2026 3034 2254 3101 κινήσει,

215 3100 319 3154 cfr.
353 3101 442 3156 Us.
474 3102 541 3156 fr.
567 3110 595 3157 1
628 3105 686 3156 et
715 3110 763 3169 2,
802 3103 869 3158 fr.
900 3109 1005 3157 408
1018 3120 1138 3172 sqq.
1170 3106 1229 3157 et
1257 3108 1360 3156 416
1373 3120 1495 3170 sqq.
1551 3106 1752 3170 ἡδοναὶ
1781 3108 2258 3172 καταστηματικαὶ

217 3172 527 3227 secundum
564 3173 871 3244 Epicurum
909 3177 1039 3228 sunt
1086 3175 1356 3242 ἀταραξία
1394 3175 1452 3227 et
1489 3175 1708 3242 ἀπονία,
1756 3174 1791 3228 i.
1823 3192 1871 3229 e.
1918 3174 2256 3243 tranquillus

219 3244 403 3296 status
442 3245 618 3298 animi
657 3249 715 3299 et
752 3247 1001 3315 corporis
1040 3245 1126 3316 (fr.
1158 3252 1189 3299 2
1229 3248 1287 3299 et
1323 3246 1476 3312 450),
1516 3244 1722 3313 quibus
1760 3247 2120 3316 opponuntur
2156 3261 2257 3299 eae

217 3329 367 3382 quae
403 3317 560 3368 motu
598 3316 789 3385 aliquo
828 3318 1004 3370 animi
1042 3317 1158 3372 sive
1197 3317 1446 3385 corporis
1495 3315 1814 3370 efficiantur
1850 3319 2072 3386 (ἡδοναὶ
2108 3336 2256 3386 κινη-

218 3386 404 3454 τικαί).
485 3386 799 3458 Diogenem
844 3405 1069 3458 quoque
1113 3388 1395 3453 videmus,
1451 3404 1579 3441 cum
1632 3392 1757 3456 περὶ
1808 3390 2257 3457 καταστημάτων

218 3458 383 3526 agat,
441 3456 510 3511 de
557 3460 904 3514 semovendis
961 3458 1258 3514 affectibus
1314 3459 1472 3527 loqui
1527 3459 1752 3530 (quibus
1809 3459 2042 3513 semotis.
2075 3462 2255 3527 ἡδονὴ

223 3531 702 3599 καταστηματική,
740 3532 777 3585 i.
808 3548 854 3585 e.
896 3533 1164 3598 ἀταραξία
1203 3530 1481 3600 efficitur).
1556 3546 1739 3598 neque
1783 3532 1974 3584 tamen
2010 3530 2150 3598 quid
2185 3531 2263 3584 sit

216 3601 400 3667 ἡδονὴ
459 3607 913 3671 καταστηματικὴ
972 3618 1101 3656 eum
1153 3603 1304 3656 recte
1361 3600 1707 3656 intellexisse
1764 3618 1832 3655 ex
1884 3618 1948 3657 eo
2001 3603 2258 3672 apparet,
