<?xml version="1.0" encoding="UTF-8"?>
<!DOCTYPE html PUBLIC "-//W3C//DTD XHTML 1.0 Transitional//EN"
    "http://www.w3.org/TR/xhtml1/DTD/xhtml1-transitional.dtd">
<html xmlns="http://www.w3.org/1999/xhtml" xml:lang="en" lang="en">
 <head>
  <title>
</title>
<meta http-equiv="Content-Type" content="text/html;charset=utf-8" />
  <meta name='ocr-system' content='tesseract 3.04.00' />
  <meta name='ocr-capabilities' content='ocr_page ocr_carea ocr_par ocr_line ocrx_word'/>
</head>
<body>
  <div class='ocr_page' id='page_1' title='image "./diogenisoenoand00oenogoog_0151.png"; bbox 0 0 2693 4100; ppageno 0'>
   <div class='ocr_carea' id='block_1_1' title="bbox 1051 243 1532 308">
    <p class='ocr_par' dir='ltr' id='par_1_1' title="bbox 1051 243 1532 308">
     <span class='ocr_line' id='line_1_1' title="bbox 1051 243 1532 308; baseline -0.006 1"><span class='ocrx_word' id='word_1_1' title='bbox 1051 243 1532 308; x_wconf 89' lang='lat'>-101—</span> 
     </span>
    </p>
   </div>
   <div class='ocr_carea' id='block_1_2' title="bbox 235 401 2321 3611">
    <p class='ocr_par' dir='ltr' id='par_1_2' title="bbox 235 401 2319 2828">
     <span class='ocr_line' id='line_1_2' title="bbox 267 401 2311 473; baseline -0.006 -10"><span class='ocrx_word' id='word_1_2' title='bbox 267 407 590 473; x_wconf 67' lang='grc' dir='ltr'>στήκεσανῖ</span> <span class='ocrx_word' id='word_1_3' title='bbox 665 403 823 457; x_wconf 87' lang='lat' dir='ltr'><strong>aliud</strong></span> <span class='ocrx_word' id='word_1_4' title='bbox 868 404 1042 469; x_wconf 88' lang='lat' dir='ltr'><strong>esset,</strong></span> <span class='ocrx_word' id='word_1_5' title='bbox 1079 401 1129 455; x_wconf 90' lang='lat' dir='ltr'><strong>si</strong></span> <span class='ocrx_word' id='word_1_6' title='bbox 1165 401 1449 456; x_wconf 85' lang='lat' dir='ltr'><strong>diceretur</strong></span> <span class='ocrx_word' id='word_1_7' title='bbox 1486 404 1594 469; x_wconf 85' lang='grc' dir='ltr'><strong>τὴν</strong></span> <span class='ocrx_word' id='word_1_8' title='bbox 1631 404 1812 470; x_wconf 80' lang='grc' dir='ltr'>αὐτὴν</span> <span class='ocrx_word' id='word_1_9' title='bbox 1849 404 2039 469; x_wconf 77' lang='grc' dir='ltr'>ἔχουσι</span> <span class='ocrx_word' id='word_1_10' title='bbox 2074 402 2311 465; x_wconf 85' lang='grc' dir='ltr'>δύναμιν</span> 
     </span>
     <span class='ocr_line' id='line_1_3' title="bbox 268 472 2311 544; baseline -0.004 -11"><span class='ocrx_word' id='word_1_11' title='bbox 268 479 329 534; x_wconf 76' lang='grc' dir='ltr'><strong>αἱ</strong></span> <span class='ocrx_word' id='word_1_12' title='bbox 386 476 692 544; x_wconf 81' lang='grc' dir='ltr'>φαντασίαι</span> <span class='ocrx_word' id='word_1_13' title='bbox 743 480 880 528; x_wconf 85' lang='grc' dir='ltr'><strong>τῶν</strong></span> <span class='ocrx_word' id='word_1_14' title='bbox 936 475 1254 529; x_wconf 84' lang='grc' dir='ltr'>ἀπόντων</span> <span class='ocrx_word' id='word_1_15' title='bbox 1308 478 1380 541; x_wconf 82' lang='grc' dir='ltr'>τῆ</span> <span class='ocrx_word' id='word_1_16' title='bbox 1437 474 1534 528; x_wconf 82' lang='grc' dir='ltr'>ὅτε</span> <span class='ocrx_word' id='word_1_17' title='bbox 1590 477 1680 529; x_wconf 81' lang='grc' dir='ltr'><strong>καὶ</strong></span> <span class='ocrx_word' id='word_1_18' title='bbox 1724 475 2024 541; x_wconf 85' lang='grc' dir='ltr'>παρόντων</span> <span class='ocrx_word' id='word_1_19' title='bbox 2075 473 2151 527; x_wconf 78' lang='grc' dir='ltr'><strong>ἐκ.</strong></span> <span class='ocrx_word' id='word_1_20' title='bbox 2190 472 2311 537; x_wconf 83' lang='grc' dir='ltr'>ὑφ.,</span> 
     </span>
     <span class='ocr_line' id='line_1_4' title="bbox 275 542 2314 617; baseline -0.003 -16"><span class='ocrx_word' id='word_1_21' title='bbox 275 564 618 617; x_wconf 88' lang='lat' dir='ltr'><strong>quamquam</strong></span> <span class='ocrx_word' id='word_1_22' title='bbox 672 547 777 599; x_wconf 91' lang='lat' dir='ltr'><strong>hoc</strong></span> <span class='ocrx_word' id='word_1_23' title='bbox 833 561 1056 614; x_wconf 86' lang='lat' dir='ltr'><strong>quoque</strong></span> <span class='ocrx_word' id='word_1_24' title='bbox 1112 543 1426 614; x_wconf 75' lang='lat' dir='ltr'><strong>simplicius</strong></span> <span class='ocrx_word' id='word_1_25' title='bbox 1481 546 1539 598; x_wconf 89' lang='lat' dir='ltr'><strong>et</strong></span> <span class='ocrx_word' id='word_1_26' title='bbox 1595 542 1785 614; x_wconf 90' lang='lat' dir='ltr'><strong>aptius</strong></span> <span class='ocrx_word' id='word_1_27' title='bbox 1832 544 1915 598; x_wconf 92' lang='lat' dir='ltr'><strong>sic</strong></span> <span class='ocrx_word' id='word_1_28' title='bbox 1961 542 2076 597; x_wconf 87' lang='lat' dir='ltr'><strong>dici</strong></span> <span class='ocrx_word' id='word_1_29' title='bbox 2121 543 2314 611; x_wconf 90' lang='lat' dir='ltr'><strong>potest</strong></span> 
     </span>
     <span class='ocr_line' id='line_1_5' title="bbox 268 616 2312 686; baseline -0.003 -13"><span class='ocrx_word' id='word_1_30' title='bbox 268 623 381 686; x_wconf 80' lang='grc' dir='ltr'><strong>τὴν</strong></span> <span class='ocrx_word' id='word_1_31' title='bbox 419 620 599 685; x_wconf 80' lang='grc' dir='ltr'>αὐτὴν</span> <span class='ocrx_word' id='word_1_32' title='bbox 637 620 828 685; x_wconf 84' lang='grc' dir='ltr'>ἔχουσι</span> <span class='ocrx_word' id='word_1_33' title='bbox 864 619 1101 683; x_wconf 84' lang='grc' dir='ltr'>δύναμιν</span> <span class='ocrx_word' id='word_1_34' title='bbox 1137 617 1194 671; x_wconf 80' lang='grc' dir='ltr'><strong>αἱ</strong></span> <span class='ocrx_word' id='word_1_35' title='bbox 1230 616 1536 683; x_wconf 79' lang='grc' dir='ltr'>φαντασίαι</span> <span class='ocrx_word' id='word_1_36' title='bbox 1571 622 1688 672; x_wconf 86' lang='grc' dir='ltr'><strong>τῶν</strong></span> <span class='ocrx_word' id='word_1_37' title='bbox 1727 617 1993 672; x_wconf 85' lang='grc' dir='ltr'>ἀπόντων</span> <span class='ocrx_word' id='word_1_38' title='bbox 2031 618 2140 668; x_wconf 81' lang='grc' dir='ltr'><strong>καὶ</strong></span> <span class='ocrx_word' id='word_1_39' title='bbox 2175 618 2312 667; x_wconf 85' lang='grc' dir='ltr'><strong>τῶν</strong></span> 
     </span>
     <span class='ocr_line' id='line_1_6' title="bbox 275 684 2312 759; baseline -0.005 -13"><span class='ocrx_word' id='word_1_40' title='bbox 275 709 362 746; x_wconf 90' lang='grc' dir='ltr'><strong>πα</strong></span> <span class='ocrx_word' id='word_1_41' title='bbox 371 692 591 759; x_wconf 88' lang='grc' dir='ltr'>ρόντω</span> <span class='ocrx_word' id='word_1_42' title='bbox 602 709 651 743; x_wconf 91' lang='grc' dir='ltr'>ν.</span> <span class='ocrx_word' id='word_1_43' title='bbox 727 688 826 742; x_wconf 91' lang='lat' dir='ltr'><strong>sed</strong></span> <span class='ocrx_word' id='word_1_44' title='bbox 861 688 1033 741; x_wconf 85' lang='lat' dir='ltr'><strong>verba</strong></span> <span class='ocrx_word' id='word_1_45' title='bbox 1068 689 1209 755; x_wconf 88' lang='grc' dir='ltr'>πρὸς</span> <span class='ocrx_word' id='word_1_46' title='bbox 1242 690 1378 752; x_wconf 88' lang='grc' dir='ltr'>τοὺς</span> <span class='ocrx_word' id='word_1_47' title='bbox 1423 688 1670 752; x_wconf 89' lang='grc' dir='ltr'>ἀπόντας</span> <span class='ocrx_word' id='word_1_48' title='bbox 1705 687 1963 755; x_wconf 77' lang='lat' dir='ltr'><strong>sequenti</strong></span> <span class='ocrx_word' id='word_1_49' title='bbox 2000 684 2312 739; x_wconf 88' lang='lat' dir='ltr'><strong>sententiae</strong></span> 
     </span>
     <span class='ocr_line' id='line_1_7' title="bbox 269 754 2314 829; baseline -0.003 -14"><span class='ocrx_word' id='word_1_50' title='bbox 269 762 503 817; x_wconf 88' lang='lat' dir='ltr'><strong>omnino</strong></span> <span class='ocrx_word' id='word_1_51' title='bbox 541 761 748 829; x_wconf 91' lang='lat' dir='ltr'><strong>opponi</strong></span> <span class='ocrx_word' id='word_1_52' title='bbox 785 776 898 813; x_wconf 91' lang='lat' dir='ltr'><strong>non</strong></span> <span class='ocrx_word' id='word_1_53' title='bbox 933 760 1186 828; x_wconf 76' lang='lat' dir='ltr'>possunt,</span> <span class='ocrx_word' id='word_1_54' title='bbox 1225 774 1370 826; x_wconf 89' lang='lat' dir='ltr'><strong>cum,</strong></span> <span class='ocrx_word' id='word_1_55' title='bbox 1421 758 1470 811; x_wconf 91' lang='lat' dir='ltr'><strong>si</strong></span> <span class='ocrx_word' id='word_1_56' title='bbox 1508 758 1816 812; x_wconf 89' lang='lat' dir='ltr'><strong>Usenerum</strong></span> <span class='ocrx_word' id='word_1_57' title='bbox 1854 759 2155 827; x_wconf 78' lang='lat' dir='ltr'><strong>sequimur,</strong></span> <span class='ocrx_word' id='word_1_58' title='bbox 2192 754 2314 808; x_wconf 87' lang='lat' dir='ltr'><strong>illic</strong></span> 
     </span>
     <span class='ocr_line' id='line_1_8' title="bbox 269 826 2314 902; baseline -0.002 -16"><span class='ocrx_word' id='word_1_59' title='bbox 269 834 505 902; x_wconf 83' lang='lat' dir='ltr'><strong>quidem</strong></span> <span class='ocrx_word' id='word_1_60' title='bbox 538 832 607 886; x_wconf 91' lang='lat' dir='ltr'><strong>de</strong></span> <span class='ocrx_word' id='word_1_61' title='bbox 636 849 705 885; x_wconf 87' lang='lat' dir='ltr'><strong>ea</strong></span> <span class='ocrx_word' id='word_1_62' title='bbox 731 832 787 884; x_wconf 85' lang='lat' dir='ltr'><strong>vi</strong></span> <span class='ocrx_word' id='word_1_63' title='bbox 816 846 988 899; x_wconf 91' lang='lat' dir='ltr'><strong>quam</strong></span> <span class='ocrx_word' id='word_1_64' title='bbox 1015 829 1265 884; x_wconf 91' lang='lat' dir='ltr'><strong>habeant</strong></span> <span class='ocrx_word' id='word_1_65' title='bbox 1291 830 1549 883; x_wconf 89' lang='lat' dir='ltr'><strong>notiones</strong></span> <span class='ocrx_word' id='word_1_66' title='bbox 1578 847 1613 883; x_wconf 87' lang='lat' dir='ltr'><strong>a</strong></span> <span class='ocrx_word' id='word_1_67' title='bbox 1640 829 2031 900; x_wconf 89' lang='lat' dir='ltr'><strong>praesentibus</strong></span> <span class='ocrx_word' id='word_1_68' title='bbox 2060 826 2314 891; x_wconf 79' lang='lat' dir='ltr'><strong>effectae,</strong></span> 
     </span>
     <span class='ocr_line' id='line_1_9' title="bbox 275 898 2312 969; baseline -0.003 -12"><span class='ocrx_word' id='word_1_69' title='bbox 275 904 369 957; x_wconf 88' lang='lat' dir='ltr'><strong>hic</strong></span> <span class='ocrx_word' id='word_1_70' title='bbox 423 906 613 957; x_wconf 90' lang='lat' dir='ltr'><strong>autem</strong></span> <span class='ocrx_word' id='word_1_71' title='bbox 668 919 781 956; x_wconf 93' lang='lat' dir='ltr'><strong>non</strong></span> <span class='ocrx_word' id='word_1_72' title='bbox 837 902 905 954; x_wconf 89' lang='lat' dir='ltr'><strong>de</strong></span> <span class='ocrx_word' id='word_1_73' title='bbox 962 920 1029 955; x_wconf 89' lang='lat' dir='ltr'><strong>ea</strong></span> <span class='ocrx_word' id='word_1_74' title='bbox 1072 902 1147 969; x_wconf 84' lang='lat' dir='ltr'><strong>vi,</strong></span> <span class='ocrx_word' id='word_1_75' title='bbox 1203 918 1376 969; x_wconf 87' lang='lat' dir='ltr'><strong>quam</strong></span> <span class='ocrx_word' id='word_1_76' title='bbox 1420 902 1677 955; x_wconf 89' lang='lat' dir='ltr'><strong>notiones</strong></span> <span class='ocrx_word' id='word_1_77' title='bbox 1734 902 1820 955; x_wconf 94' lang='lat' dir='ltr'><strong>ab</strong></span> <span class='ocrx_word' id='word_1_78' title='bbox 1872 898 2312 955; x_wconf 74' lang='lat' dir='ltr'><strong>absentibus</strong></span> 
     </span>
     <span class='ocr_line' id='line_1_10' title="bbox 276 970 2317 1042; baseline -0.004 -12"><span class='ocrx_word' id='word_1_79' title='bbox 276 975 575 1030; x_wconf 76' lang='lat' dir='ltr'><strong>effectae</strong></span> <span class='ocrx_word' id='word_1_80' title='bbox 610 975 878 1041; x_wconf 76' lang='lat' dir='ltr'><strong>habeant,</strong></span> <span class='ocrx_word' id='word_1_81' title='bbox 914 973 1182 1042; x_wconf 87' lang='lat' dir='ltr'><strong>loquatur</strong></span> <span class='ocrx_word' id='word_1_82' title='bbox 1209 973 1465 1041; x_wconf 80' lang='lat' dir='ltr'><strong>scriptor,</strong></span> <span class='ocrx_word' id='word_1_83' title='bbox 1501 973 1599 1026; x_wconf 89' lang='lat' dir='ltr'><strong>sed</strong></span> <span class='ocrx_word' id='word_1_84' title='bbox 1637 973 1707 1027; x_wconf 91' lang='lat' dir='ltr'><strong>de</strong></span> <span class='ocrx_word' id='word_1_85' title='bbox 1736 989 1821 1040; x_wconf 88' lang='lat' dir='ltr'><strong>ea,</strong></span> <span class='ocrx_word' id='word_1_86' title='bbox 1859 987 2030 1041; x_wconf 82' lang='lat' dir='ltr'><strong>quam</strong></span> <span class='ocrx_word' id='word_1_87' title='bbox 2064 970 2317 1024; x_wconf 88' lang='lat' dir='ltr'><strong>habeant</strong></span> 
     </span>
     <span class='ocr_line' id='line_1_11' title="bbox 276 1043 2315 1127; baseline -0.004 -27"><span class='ocrx_word' id='word_1_88' title='bbox 276 1048 345 1109; x_wconf 86' lang='lat' dir='ltr'><strong>in</strong></span> <span class='ocrx_word' id='word_1_89' title='bbox 393 1047 715 1101; x_wconf 89' lang='lat' dir='ltr'><strong>absentes</strong></span> <span class='ocrx_word' id='word_1_90' title='bbox 763 1049 925 1115; x_wconf 89' lang='grc' dir='ltr'>(πρὸς</span> <span class='ocrx_word' id='word_1_91' title='bbox 967 1047 1102 1109; x_wconf 87' lang='grc' dir='ltr'>τοὺς</span> <span class='ocrx_word' id='word_1_92' title='bbox 1144 1044 1484 1127; x_wconf 78' lang='grc' dir='ltr'>[ἀπ]όντας).</span> <span class='ocrx_word' id='word_1_93' title='bbox 1559 1060 1672 1098; x_wconf 92' lang='lat' dir='ltr'><strong>non</strong></span> <span class='ocrx_word' id='word_1_94' title='bbox 1716 1045 1895 1115; x_wconf 83' lang='lat' dir='ltr'><strong>igitur</strong></span> <span class='ocrx_word' id='word_1_95' title='bbox 1943 1043 2064 1096; x_wconf 89' lang='lat' dir='ltr'><strong>fieri</strong></span> <span class='ocrx_word' id='word_1_96' title='bbox 2109 1043 2315 1110; x_wconf 85' lang='lat' dir='ltr'><strong>potest,</strong></span> 
     </span>
     <span class='ocr_line' id='line_1_12' title="bbox 271 1116 2317 1185; baseline -0.004 -13"><span class='ocrx_word' id='word_1_97' title='bbox 271 1121 341 1173; x_wconf 90' lang='lat' dir='ltr'><strong>ut</strong></span> <span class='ocrx_word' id='word_1_98' title='bbox 375 1118 469 1172; x_wconf 82' lang='lat' dir='ltr'><strong>hic</strong></span> <span class='ocrx_word' id='word_1_99' title='bbox 508 1119 703 1172; x_wconf 92' lang='lat' dir='ltr'><strong>eodem</strong></span> <span class='ocrx_word' id='word_1_100' title='bbox 746 1117 915 1171; x_wconf 82' lang='lat' dir='ltr'><strong>modo</strong></span> <span class='ocrx_word' id='word_1_101' title='bbox 962 1118 1249 1185; x_wconf 83' lang='lat' dir='ltr'><strong>oppositos</strong></span> <span class='ocrx_word' id='word_1_102' title='bbox 1297 1133 1418 1169; x_wconf 88' lang='lat' dir='ltr'><strong>esse</strong></span> <span class='ocrx_word' id='word_1_103' title='bbox 1462 1118 1724 1184; x_wconf 86' lang='lat' dir='ltr'><strong>putemus</strong></span> <span class='ocrx_word' id='word_1_104' title='bbox 1763 1116 2023 1170; x_wconf 89' lang='lat' dir='ltr'><strong>absentes</strong></span> <span class='ocrx_word' id='word_1_105' title='bbox 2061 1116 2119 1166; x_wconf 90' lang='lat' dir='ltr'><strong>et</strong></span> <span class='ocrx_word' id='word_1_106' title='bbox 2152 1127 2317 1181; x_wconf 88' lang='lat' dir='ltr'><strong>prae-</strong></span> 
     </span>
     <span class='ocr_line' id='line_1_13' title="bbox 273 1184 2316 1258; baseline -0.004 -15"><span class='ocrx_word' id='word_1_107' title='bbox 273 1190 460 1244; x_wconf 81' lang='lat' dir='ltr'><strong>sentes</strong></span> <span class='ocrx_word' id='word_1_108' title='bbox 500 1192 669 1258; x_wconf 86' lang='lat' dir='ltr'><strong>atque</strong></span> <span class='ocrx_word' id='word_1_109' title='bbox 717 1207 765 1242; x_wconf 83' lang='lat' dir='ltr'><strong>V.</strong></span> <span class='ocrx_word' id='word_1_110' title='bbox 797 1193 953 1241; x_wconf 83' lang='lat'><strong>1-3.</strong></span> <span class='ocrx_word' id='word_1_111' title='bbox 1035 1188 1229 1255; x_wconf 84' lang='lat' dir='ltr'><strong>itaque</strong></span> <span class='ocrx_word' id='word_1_112' title='bbox 1264 1187 1573 1253; x_wconf 84' lang='lat' dir='ltr'><strong>videamus,</strong></span> <span class='ocrx_word' id='word_1_113' title='bbox 1621 1192 1757 1241; x_wconf 72' lang='lat' dir='ltr'><strong>num</strong></span> <span class='ocrx_word' id='word_1_114' title='bbox 1792 1186 1948 1240; x_wconf 90' lang='lat' dir='ltr'><strong>nullo</strong></span> <span class='ocrx_word' id='word_1_115' title='bbox 1985 1184 2174 1239; x_wconf 85' lang='lat' dir='ltr'><strong>verbo</strong></span> <span class='ocrx_word' id='word_1_116' title='bbox 2193 1200 2316 1236; x_wconf 89' lang='lat' dir='ltr'><strong>mu-</strong></span> 
     </span>
     <span class='ocr_line' id='line_1_14' title="bbox 270 1258 2316 1329; baseline -0.004 -13"><span class='ocrx_word' id='word_1_117' title='bbox 270 1262 398 1316; x_wconf 91' lang='lat' dir='ltr'><strong>tato</strong></span> <span class='ocrx_word' id='word_1_118' title='bbox 438 1261 718 1315; x_wconf 83' lang='lat' dir='ltr'><strong>sententia</strong></span> <span class='ocrx_word' id='word_1_119' title='bbox 753 1259 1011 1329; x_wconf 84' lang='lat' dir='ltr'><strong>intellegi</strong></span> <span class='ocrx_word' id='word_1_120' title='bbox 1047 1259 1242 1327; x_wconf 89' lang='lat' dir='ltr'><strong>possit.</strong></span> <span class='ocrx_word' id='word_1_121' title='bbox 1316 1261 1485 1326; x_wconf 89' lang='lat' dir='ltr'><strong>atque</strong></span> <span class='ocrx_word' id='word_1_122' title='bbox 1524 1258 1630 1313; x_wconf 92' lang='lat' dir='ltr'><strong>hoc</strong></span> <span class='ocrx_word' id='word_1_123' title='bbox 1667 1258 1898 1327; x_wconf 82' lang='lat' dir='ltr'><strong>quidem</strong></span> <span class='ocrx_word' id='word_1_124' title='bbox 1933 1258 2178 1327; x_wconf 91' lang='lat' dir='ltr'><strong>primum</strong></span> <span class='ocrx_word' id='word_1_125' title='bbox 2215 1271 2316 1322; x_wconf 80' lang='lat' dir='ltr'><strong>ap-</strong></span> 
     </span>
     <span class='ocr_line' id='line_1_15' title="bbox 275 1330 2317 1401; baseline -0.003 -15"><span class='ocrx_word' id='word_1_126' title='bbox 275 1350 471 1401; x_wconf 84' lang='lat' dir='ltr'><strong>parere</strong></span> <span class='ocrx_word' id='word_1_127' title='bbox 509 1332 650 1385; x_wconf 90' lang='lat' dir='ltr'><strong>mihi</strong></span> <span class='ocrx_word' id='word_1_128' title='bbox 687 1331 910 1384; x_wconf 86' lang='lat' dir='ltr'><strong>videtur</strong></span> <span class='ocrx_word' id='word_1_129' title='bbox 935 1330 1121 1384; x_wconf 85' lang='lat' dir='ltr'><strong>verbis</strong></span> <span class='ocrx_word' id='word_1_130' title='bbox 1150 1333 1218 1401; x_wconf 89' lang='lat' dir='ltr'><strong>(v.</strong></span> <span class='ocrx_word' id='word_1_131' title='bbox 1242 1331 1295 1399; x_wconf 84' lang='grc'><strong>3)</strong></span> <span class='ocrx_word' id='word_1_132' title='bbox 1332 1332 1501 1385; x_wconf 81' lang='grc' dir='ltr'>ἁπταὶ</span> <span class='ocrx_word' id='word_1_133' title='bbox 1539 1332 1643 1385; x_wconf 81' lang='grc' dir='ltr'><strong>οῦκ</strong></span> <span class='ocrx_word' id='word_1_134' title='bbox 1671 1332 1836 1386; x_wconf 83' lang='grc' dir='ltr'>οὖσαι</span> <span class='ocrx_word' id='word_1_135' title='bbox 1863 1331 1921 1383; x_wconf 91' lang='lat' dir='ltr'><strong>et</strong></span> <span class='ocrx_word' id='word_1_136' title='bbox 1949 1331 2018 1399; x_wconf 85' lang='lat' dir='ltr'><strong>(v.</strong></span> <span class='ocrx_word' id='word_1_137' title='bbox 2042 1330 2095 1397; x_wconf 87' lang='grc'><strong>6)</strong></span> <span class='ocrx_word' id='word_1_138' title='bbox 2125 1330 2317 1394; x_wconf 79' lang='grc' dir='ltr'>ἔχουσι</span> 
     </span>
     <span class='ocr_line' id='line_1_16' title="bbox 272 1398 2315 1472; baseline -0.004 -14"><span class='ocrx_word' id='word_1_139' title='bbox 272 1404 565 1458; x_wconf 86' lang='lat' dir='ltr'><strong>audienda</strong></span> <span class='ocrx_word' id='word_1_140' title='bbox 602 1421 720 1456; x_wconf 86' lang='lat' dir='ltr'><strong>esse</strong></span> <span class='ocrx_word' id='word_1_141' title='bbox 758 1419 871 1456; x_wconf 91' lang='lat' dir='ltr'><strong>non</strong></span> <span class='ocrx_word' id='word_1_142' title='bbox 910 1402 1136 1457; x_wconf 92' lang='lat' dir='ltr'><strong>omnino</strong></span> <span class='ocrx_word' id='word_1_143' title='bbox 1174 1402 1231 1456; x_wconf 77' lang='grc' dir='ltr'><strong>αἱ</strong></span> <span class='ocrx_word' id='word_1_144' title='bbox 1268 1403 1573 1468; x_wconf 81' lang='grc' dir='ltr'>φαντασίαι</span> <span class='ocrx_word' id='word_1_145' title='bbox 1610 1401 1666 1472; x_wconf 89' lang='lat' dir='ltr'><strong>(i.</strong></span> <span class='ocrx_word' id='word_1_146' title='bbox 1698 1418 1744 1455; x_wconf 90' lang='lat' dir='ltr'><strong>e.</strong></span> <span class='ocrx_word' id='word_1_147' title='bbox 1785 1417 1978 1455; x_wconf 90' lang='lat' dir='ltr'><strong>omnes</strong></span> <span class='ocrx_word' id='word_1_148' title='bbox 2015 1398 2315 1466; x_wconf 85' lang='lat' dir='ltr'><strong>notiones),</strong></span> 
     </span>
     <span class='ocr_line' id='line_1_17' title="bbox 273 1469 2318 1543; baseline -0.003 -14"><span class='ocrx_word' id='word_1_149' title='bbox 273 1476 375 1529; x_wconf 85' lang='lat' dir='ltr'><strong>sed</strong></span> <span class='ocrx_word' id='word_1_150' title='bbox 435 1476 492 1530; x_wconf 84' lang='grc' dir='ltr'><strong>αί</strong></span> <span class='ocrx_word' id='word_1_151' title='bbox 546 1475 852 1543; x_wconf 84' lang='grc' dir='ltr'>φαντασίαι</span> <span class='ocrx_word' id='word_1_152' title='bbox 903 1480 1021 1527; x_wconf 86' lang='grc' dir='ltr'><strong>τῶν</strong></span> <span class='ocrx_word' id='word_1_153' title='bbox 1076 1475 1391 1540; x_wconf 87' lang='grc' dir='ltr'>παρόντων.</span> <span class='ocrx_word' id='word_1_154' title='bbox 1477 1474 1525 1526; x_wconf 92' lang='lat' dir='ltr'><strong>si</strong></span> <span class='ocrx_word' id='word_1_155' title='bbox 1580 1473 1730 1529; x_wconf 88' lang='lat' dir='ltr'><strong>enim</strong></span> <span class='ocrx_word' id='word_1_156' title='bbox 1787 1473 2026 1541; x_wconf 87' lang='lat' dir='ltr'><strong>scriptor</strong></span> <span class='ocrx_word' id='word_1_157' title='bbox 2080 1469 2318 1523; x_wconf 82' lang='lat' dir='ltr'><strong>dixisset</strong></span> 
     </span>
     <span class='ocr_line' id='line_1_18' title="bbox 276 1544 2315 1615; baseline -0.003 -15"><span class='ocrx_word' id='word_1_158' title='bbox 276 1565 326 1610; x_wconf 69' lang='lat' dir='ltr'><strong>v,</strong></span> <span class='ocrx_word' id='word_1_159' title='bbox 361 1551 388 1599; x_wconf 92' lang='lat'><strong>1</strong></span> <span class='ocrx_word' id='word_1_160' title='bbox 430 1548 512 1615; x_wconf 77' lang='grc' dir='ltr'><strong>(αἱ</strong></span> <span class='ocrx_word' id='word_1_161' title='bbox 548 1547 876 1614; x_wconf 86' lang='grc' dir='ltr'>φαντασίαι)</span> <span class='ocrx_word' id='word_1_162' title='bbox 922 1545 1059 1599; x_wconf 84' lang='grc' dir='ltr'>εἰσὶν</span> <span class='ocrx_word' id='word_1_163' title='bbox 1105 1547 1270 1599; x_wconf 81' lang='grc' dir='ltr'>αὐταὶ</span> <span class='ocrx_word' id='word_1_164' title='bbox 1308 1548 1400 1599; x_wconf 80' lang='grc' dir='ltr'><strong>καὶ</strong></span> <span class='ocrx_word' id='word_1_165' title='bbox 1438 1548 1511 1611; x_wconf 85' lang='grc' dir='ltr'><strong>μὴ</strong></span> <span class='ocrx_word' id='word_1_166' title='bbox 1551 1547 1851 1613; x_wconf 88' lang='grc' dir='ltr'>παρόντων</span> <span class='ocrx_word' id='word_1_167' title='bbox 1888 1547 1980 1598; x_wconf 85' lang='grc' dir='ltr'><strong>καὶ</strong></span> <span class='ocrx_word' id='word_1_168' title='bbox 2015 1544 2315 1610; x_wconf 87' lang='grc' dir='ltr'>παρόντων</span> 
     </span>
     <span class='ocr_line' id='line_1_19' title="bbox 272 1612 2316 1687; baseline -0.004 -15"><span class='ocrx_word' id='word_1_169' title='bbox 272 1619 531 1687; x_wconf 84' lang='lat' dir='ltr'><strong>(eaedem</strong></span> <span class='ocrx_word' id='word_1_170' title='bbox 575 1618 691 1671; x_wconf 86' lang='lat' dir='ltr'><strong>sint</strong></span> <span class='ocrx_word' id='word_1_171' title='bbox 736 1620 794 1670; x_wconf 85' lang='lat' dir='ltr'><strong>et</strong></span> <span class='ocrx_word' id='word_1_172' title='bbox 839 1616 1159 1670; x_wconf 87' lang='lat' dir='ltr'><strong>absentium</strong></span> <span class='ocrx_word' id='word_1_173' title='bbox 1197 1617 1255 1669; x_wconf 90' lang='lat' dir='ltr'><strong>et</strong></span> <span class='ocrx_word' id='word_1_174' title='bbox 1298 1616 1683 1684; x_wconf 86' lang='lat' dir='ltr'><strong>praesentium</strong></span> <span class='ocrx_word' id='word_1_175' title='bbox 1737 1617 2036 1685; x_wconf 88' lang='lat' dir='ltr'><strong>notiones),</strong></span> <span class='ocrx_word' id='word_1_176' title='bbox 2085 1612 2316 1667; x_wconf 84' lang='lat' dir='ltr'><strong>vocibus</strong></span> 
     </span>
     <span class='ocr_line' id='line_1_20' title="bbox 273 1682 2318 1757; baseline -0.003 -15"><span class='ocrx_word' id='word_1_177' title='bbox 273 1691 443 1744; x_wconf 82' lang='grc' dir='ltr'>οὖσαι</span> <span class='ocrx_word' id='word_1_178' title='bbox 481 1692 539 1744; x_wconf 86' lang='lat' dir='ltr'><strong>et</strong></span> <span class='ocrx_word' id='word_1_179' title='bbox 576 1692 765 1757; x_wconf 84' lang='grc' dir='ltr'>ἔχουσι</span> <span class='ocrx_word' id='word_1_180' title='bbox 812 1687 1098 1742; x_wconf 85' lang='lat' dir='ltr'><strong>audienda</strong></span> <span class='ocrx_word' id='word_1_181' title='bbox 1144 1687 1293 1740; x_wconf 88' lang='lat' dir='ltr'><strong>esset</strong></span> <span class='ocrx_word' id='word_1_182' title='bbox 1336 1687 1394 1740; x_wconf 77' lang='grc' dir='ltr'><strong>αἱ</strong></span> <span class='ocrx_word' id='word_1_183' title='bbox 1431 1688 1760 1756; x_wconf 83' lang='grc' dir='ltr'>φαντασίαι,</span> <span class='ocrx_word' id='word_1_184' title='bbox 1809 1688 1908 1741; x_wconf 82' lang='lat' dir='ltr'><strong>sed</strong></span> <span class='ocrx_word' id='word_1_185' title='bbox 1945 1702 2073 1740; x_wconf 90' lang='lat' dir='ltr'><strong>cum</strong></span> <span class='ocrx_word' id='word_1_186' title='bbox 2110 1683 2181 1737; x_wconf 87' lang='lat' dir='ltr'><strong>de</strong></span> <span class='ocrx_word' id='word_1_187' title='bbox 2219 1682 2318 1736; x_wconf 88' lang='lat' dir='ltr'><strong>ab-</strong></span> 
     </span>
     <span class='ocr_line' id='line_1_21' title="bbox 279 1757 2312 1827; baseline -0.002 -14"><span class='ocrx_word' id='word_1_188' title='bbox 279 1761 523 1814; x_wconf 90' lang='lat' dir='ltr'><strong>sentium</strong></span> <span class='ocrx_word' id='word_1_189' title='bbox 559 1761 778 1814; x_wconf 89' lang='lat' dir='ltr'><strong>tantum</strong></span> <span class='ocrx_word' id='word_1_190' title='bbox 817 1757 1142 1813; x_wconf 92' lang='lat' dir='ltr'><strong>notionibus</strong></span> <span class='ocrx_word' id='word_1_191' title='bbox 1179 1757 1449 1825; x_wconf 82' lang='lat' dir='ltr'><strong>loquatur</strong></span> <span class='ocrx_word' id='word_1_192' title='bbox 1484 1760 1638 1827; x_wconf 87' lang='lat' dir='ltr'><strong>(nam</strong></span> <span class='ocrx_word' id='word_1_193' title='bbox 1675 1760 1731 1813; x_wconf 75' lang='grc' dir='ltr'><strong>αἱ</strong></span> <span class='ocrx_word' id='word_1_194' title='bbox 1760 1759 2061 1826; x_wconf 87' lang='grc' dir='ltr'>φαντασίαι</span> <span class='ocrx_word' id='word_1_195' title='bbox 2088 1761 2208 1810; x_wconf 86' lang='grc' dir='ltr'><strong>τῶν</strong></span> <span class='ocrx_word' id='word_1_196' title='bbox 2238 1758 2312 1821; x_wconf 85' lang='grc' dir='ltr'><strong>μὴ</strong></span> 
     </span>
     <span class='ocr_line' id='line_1_22' title="bbox 271 1827 2316 1900; baseline -0.004 -13"><span class='ocrx_word' id='word_1_197' title='bbox 271 1835 577 1900; x_wconf 89' lang='grc' dir='ltr'>παρόντων</span> <span class='ocrx_word' id='word_1_198' title='bbox 622 1830 937 1884; x_wconf 89' lang='lat' dir='ltr'><strong>subiectum</strong></span> <span class='ocrx_word' id='word_1_199' title='bbox 984 1831 1070 1883; x_wconf 91' lang='lat' dir='ltr'><strong>est</strong></span> <span class='ocrx_word' id='word_1_200' title='bbox 1116 1829 1457 1897; x_wconf 83' lang='lat' dir='ltr'><strong>sententiae,</strong></span> <span class='ocrx_word' id='word_1_201' title='bbox 1514 1832 1572 1884; x_wconf 90' lang='lat' dir='ltr'><strong>et</strong></span> <span class='ocrx_word' id='word_1_202' title='bbox 1618 1831 1828 1884; x_wconf 83' lang='lat' dir='ltr'><strong>dicitur</strong></span> <span class='ocrx_word' id='word_1_203' title='bbox 1872 1829 1976 1885; x_wconf 84' lang='lat' dir='ltr'><strong>has</strong></span> <span class='ocrx_word' id='word_1_204' title='bbox 2012 1827 2159 1882; x_wconf 89' lang='lat' dir='ltr'><strong>tales</strong></span> <span class='ocrx_word' id='word_1_205' title='bbox 2197 1842 2316 1879; x_wconf 91' lang='lat' dir='ltr'><strong>esse</strong></span> 
     </span>
     <span class='ocr_line' id='line_1_23' title="bbox 275 1899 2319 1972; baseline -0.003 -15"><span class='ocrx_word' id='word_1_206' title='bbox 275 1902 471 1972; x_wconf 90' lang='lat' dir='ltr'><strong>quales</strong></span> <span class='ocrx_word' id='word_1_207' title='bbox 524 1902 935 1971; x_wconf 85' lang='lat' dir='ltr'><strong>praesentium,</strong></span> <span class='ocrx_word' id='word_1_208' title='bbox 991 1916 1104 1954; x_wconf 92' lang='lat' dir='ltr'><strong>non</strong></span> <span class='ocrx_word' id='word_1_209' title='bbox 1151 1901 1378 1953; x_wconf 82' lang='lat' dir='ltr'><strong>easdem</strong></span> <span class='ocrx_word' id='word_1_210' title='bbox 1423 1917 1544 1954; x_wconf 89' lang='lat' dir='ltr'><strong>esse</strong></span> <span class='ocrx_word' id='word_1_211' title='bbox 1588 1900 1693 1955; x_wconf 83' lang='lat' dir='ltr'><strong>has</strong></span> <span class='ocrx_word' id='word_1_212' title='bbox 1741 1904 1799 1956; x_wconf 89' lang='lat' dir='ltr'><strong>et</strong></span> <span class='ocrx_word' id='word_1_213' title='bbox 1834 1901 1984 1970; x_wconf 90' lang='lat' dir='ltr'><strong>illas)</strong></span> <span class='ocrx_word' id='word_1_214' title='bbox 2038 1899 2160 1952; x_wconf 87' lang='lat' dir='ltr'><strong>fieri</strong></span> <span class='ocrx_word' id='word_1_215' title='bbox 2205 1914 2319 1951; x_wconf 91' lang='lat' dir='ltr'><strong>non</strong></span> 
     </span>
     <span class='ocr_line' id='line_1_24' title="bbox 274 1971 2318 2045; baseline -0.003 -16"><span class='ocrx_word' id='word_1_216' title='bbox 274 1976 489 2045; x_wconf 89' lang='lat' dir='ltr'><strong>potest,</strong></span> <span class='ocrx_word' id='word_1_217' title='bbox 553 1976 619 2027; x_wconf 92' lang='lat' dir='ltr'><strong>ut</strong></span> <span class='ocrx_word' id='word_1_218' title='bbox 671 1973 962 2042; x_wconf 87' lang='lat' dir='ltr'><strong>proximae</strong></span> <span class='ocrx_word' id='word_1_219' title='bbox 1019 1972 1333 2026; x_wconf 84' lang='lat' dir='ltr'><strong>sententiae</strong></span> <span class='ocrx_word' id='word_1_220' title='bbox 1389 1971 1560 2027; x_wconf 83' lang='lat' dir='ltr'><strong>verbo</strong></span> <span class='ocrx_word' id='word_1_221' title='bbox 1626 1976 1818 2040; x_wconf 79' lang='grc' dir='ltr'>ἔχουσι</span> <span class='ocrx_word' id='word_1_222' title='bbox 1870 1974 1932 2026; x_wconf 90' lang='lat' dir='ltr'><strong>in</strong></span> <span class='ocrx_word' id='word_1_223' title='bbox 1994 1971 2318 2024; x_wconf 85' lang='lat' dir='ltr'><strong>universum</strong></span> 
     </span>
     <span class='ocr_line' id='line_1_25' title="bbox 269 2043 2317 2113; baseline -0.002 -13"><span class='ocrx_word' id='word_1_224' title='bbox 269 2064 467 2100; x_wconf 89' lang='lat' dir='ltr'><strong>omnes</strong></span> <span class='ocrx_word' id='word_1_225' title='bbox 505 2046 763 2101; x_wconf 86' lang='lat' dir='ltr'><strong>notiones</strong></span> <span class='ocrx_word' id='word_1_226' title='bbox 803 2044 1125 2111; x_wconf 84' lang='lat' dir='ltr'><strong>audiantur,</strong></span> <span class='ocrx_word' id='word_1_227' title='bbox 1179 2043 1291 2098; x_wconf 88' lang='lat' dir='ltr'><strong>nisi</strong></span> <span class='ocrx_word' id='word_1_228' title='bbox 1329 2046 1525 2113; x_wconf 88' lang='lat' dir='ltr'><strong>aperte</strong></span> <span class='ocrx_word' id='word_1_229' title='bbox 1562 2043 1786 2099; x_wconf 84' lang='lat' dir='ltr'><strong>dicatur</strong></span> <span class='ocrx_word' id='word_1_230' title='bbox 1820 2049 1996 2100; x_wconf 80' lang='grc' dir='ltr'>πᾶσαι</span> <span class='ocrx_word' id='word_1_231' title='bbox 2030 2045 2138 2111; x_wconf 84' lang='grc' dir='ltr'><strong>γὰρ</strong></span> <span class='ocrx_word' id='word_1_232' title='bbox 2175 2059 2317 2110; x_wconf 86' lang='grc' dir='ltr'>φαν-</span> 
     </span>
     <span class='ocr_line' id='line_1_26' title="bbox 271 2116 2317 2184; baseline -0.003 -12"><span class='ocrx_word' id='word_1_233' title='bbox 271 2120 462 2173; x_wconf 87' lang='grc' dir='ltr'>τασίαι</span> <span class='ocrx_word' id='word_1_234' title='bbox 498 2119 667 2173; x_wconf 80' lang='grc' dir='ltr'>ἁπταὶ</span> <span class='ocrx_word' id='word_1_235' title='bbox 703 2120 809 2172; x_wconf 84' lang='grc' dir='ltr'><strong>οὐκ</strong></span> <span class='ocrx_word' id='word_1_236' title='bbox 845 2119 1011 2172; x_wconf 83' lang='grc' dir='ltr'>οὖσαι</span> <span class='ocrx_word' id='word_1_237' title='bbox 1047 2119 1187 2184; x_wconf 85' lang='grc' dir='ltr'>κτλ.,</span> <span class='ocrx_word' id='word_1_238' title='bbox 1244 2117 1343 2169; x_wconf 90' lang='lat' dir='ltr'><strong>sed</strong></span> <span class='ocrx_word' id='word_1_239' title='bbox 1391 2116 1708 2171; x_wconf 89' lang='lat' dir='ltr'><strong>subiectum</strong></span> <span class='ocrx_word' id='word_1_240' title='bbox 1743 2117 1897 2170; x_wconf 91' lang='lat' dir='ltr'><strong>idem</strong></span> <span class='ocrx_word' id='word_1_241' title='bbox 1933 2132 2053 2169; x_wconf 89' lang='lat' dir='ltr'><strong>esse</strong></span> <span class='ocrx_word' id='word_1_242' title='bbox 2090 2130 2317 2169; x_wconf 86' lang='lat' dir='ltr'><strong>necesse</strong></span> 
     </span>
     <span class='ocr_line' id='line_1_27' title="bbox 274 2188 2319 2257; baseline -0.001 -16"><span class='ocrx_word' id='word_1_243' title='bbox 274 2190 366 2242; x_wconf 90' lang='lat' dir='ltr'><strong>est</strong></span> <span class='ocrx_word' id='word_1_244' title='bbox 404 2190 572 2257; x_wconf 86' lang='lat' dir='ltr'><strong>atque</strong></span> <span class='ocrx_word' id='word_1_245' title='bbox 609 2188 996 2243; x_wconf 89' lang='lat' dir='ltr'><strong>antecedentis</strong></span> <span class='ocrx_word' id='word_1_246' title='bbox 1034 2188 1367 2242; x_wconf 87' lang='lat' dir='ltr'><strong>sententiae.</strong></span> <span class='ocrx_word' id='word_1_247' title='bbox 1441 2188 1594 2256; x_wconf 90' lang='lat' dir='ltr'><strong>quod</strong></span> <span class='ocrx_word' id='word_1_248' title='bbox 1632 2188 1679 2241; x_wconf 91' lang='lat' dir='ltr'><strong>si</strong></span> <span class='ocrx_word' id='word_1_249' title='bbox 1716 2191 1990 2254; x_wconf 88' lang='lat' dir='ltr'><strong>tenemus,</strong></span> <span class='ocrx_word' id='word_1_250' title='bbox 2026 2188 2152 2240; x_wconf 88' lang='lat' dir='ltr'><strong>tota</strong></span> <span class='ocrx_word' id='word_1_251' title='bbox 2194 2202 2319 2238; x_wconf 88' lang='lat' dir='ltr'><strong>sen-</strong></span> 
     </span>
     <span class='ocr_line' id='line_1_28' title="bbox 273 2258 2319 2328; baseline -0.001 -15"><span class='ocrx_word' id='word_1_252' title='bbox 273 2260 460 2313; x_wconf 82' lang='lat' dir='ltr'><strong>tentia</strong></span> <span class='ocrx_word' id='word_1_253' title='bbox 504 2261 801 2328; x_wconf 83' lang='lat' dir='ltr'><strong>perspicua</strong></span> <span class='ocrx_word' id='word_1_254' title='bbox 846 2259 926 2313; x_wconf 87' lang='lat' dir='ltr'><strong>fit.</strong></span> <span class='ocrx_word' id='word_1_255' title='bbox 1011 2261 1180 2314; x_wconf 83' lang='grc' dir='ltr'>ἁπταὶ</span> <span class='ocrx_word' id='word_1_256' title='bbox 1215 2261 1323 2327; x_wconf 85' lang='grc' dir='ltr'><strong>γὰρ</strong></span> <span class='ocrx_word' id='word_1_257' title='bbox 1372 2261 1477 2315; x_wconf 84' lang='grc' dir='ltr'><strong>οὐκ</strong></span> <span class='ocrx_word' id='word_1_258' title='bbox 1514 2260 1677 2315; x_wconf 86' lang='grc' dir='ltr'>οὖσαι</span> <span class='ocrx_word' id='word_1_259' title='bbox 1725 2260 1807 2328; x_wconf 87' lang='grc' dir='ltr'><strong>(αί</strong></span> <span class='ocrx_word' id='word_1_260' title='bbox 1842 2258 2150 2327; x_wconf 87' lang='grc' dir='ltr'>φαντασίαι</span> <span class='ocrx_word' id='word_1_261' title='bbox 2199 2262 2319 2311; x_wconf 83' lang='grc' dir='ltr'><strong>τῶν</strong></span> 
     </span>
     <span class='ocr_line' id='line_1_29' title="bbox 273 2331 2318 2399; baseline -0.001 -15"><span class='ocrx_word' id='word_1_262' title='bbox 273 2332 568 2399; x_wconf 84' lang='grc' dir='ltr'>ἀπόντων)</span> <span class='ocrx_word' id='word_1_263' title='bbox 613 2335 719 2399; x_wconf 85' lang='grc' dir='ltr'><strong>τὴν</strong></span> <span class='ocrx_word' id='word_1_264' title='bbox 766 2333 945 2398; x_wconf 82' lang='grc' dir='ltr'>αὐτὴν</span> <span class='ocrx_word' id='word_1_265' title='bbox 994 2334 1184 2397; x_wconf 84' lang='grc' dir='ltr'>ἔχουσι</span> <span class='ocrx_word' id='word_1_266' title='bbox 1228 2333 1465 2397; x_wconf 84' lang='grc' dir='ltr'>δύναμιν</span> <span class='ocrx_word' id='word_1_267' title='bbox 1477 2374 1632 2387; x_wconf 92' lang='grc'><strong>.....</strong></span> <span class='ocrx_word' id='word_1_268' title='bbox 1643 2335 1716 2398; x_wconf 83' lang='grc' dir='ltr'>τῆ</span> <span class='ocrx_word' id='word_1_269' title='bbox 1755 2333 1853 2387; x_wconf 83' lang='grc' dir='ltr'>ὅτε</span> <span class='ocrx_word' id='word_1_270' title='bbox 1889 2334 1979 2385; x_wconf 82' lang='grc' dir='ltr'><strong>καὶ</strong></span> <span class='ocrx_word' id='word_1_271' title='bbox 2013 2331 2318 2397; x_wconf 89' lang='grc' dir='ltr'>παρόντων</span> 
     </span>
     <span class='ocr_line' id='line_1_30' title="bbox 272 2400 2315 2470; baseline -0.001 -15"><span class='ocrx_word' id='word_1_272' title='bbox 272 2402 509 2457; x_wconf 68' lang='grc' dir='ltr'>ἐκείνων</span> <span class='ocrx_word' id='word_1_273' title='bbox 554 2404 993 2470; x_wconf 83' lang='grc' dir='ltr'>ὑφειστήκεσαν,</span> <span class='ocrx_word' id='word_1_274' title='bbox 1048 2402 1084 2455; x_wconf 89' lang='lat' dir='ltr'><strong>i.</strong></span> <span class='ocrx_word' id='word_1_275' title='bbox 1125 2418 1171 2456; x_wconf 84' lang='lat' dir='ltr'><strong>e.</strong></span> <span class='ocrx_word' id='word_1_276' title='bbox 1219 2403 1447 2456; x_wconf 75' lang='lat' dir='ltr'><strong>eandem</strong></span> <span class='ocrx_word' id='word_1_277' title='bbox 1507 2402 1620 2457; x_wconf 81' lang='lat' dir='ltr'><strong>vim</strong></span> <span class='ocrx_word' id='word_1_278' title='bbox 1673 2402 1875 2457; x_wconf 68' lang='lat' dir='ltr'><strong>habent</strong></span> <span class='ocrx_word' id='word_1_279' title='bbox 1917 2402 2166 2456; x_wconf 70' lang='lat' dir='ltr'><strong>notiones</strong></span> <span class='ocrx_word' id='word_1_280' title='bbox 2221 2400 2315 2453; x_wconf 80' lang='lat' dir='ltr'><strong>ab·</strong></span> 
     </span>
     <span class='ocr_line' id='line_1_31' title="bbox 271 2471 2315 2543; baseline -0.001 -16"><span class='ocrx_word' id='word_1_281' title='bbox 271 2474 513 2528; x_wconf 71' lang='lat' dir='ltr'><strong>sentium</strong></span> <span class='ocrx_word' id='word_1_282' title='bbox 563 2479 725 2543; x_wconf 75' lang='lat' dir='ltr'><strong>atque</strong></span> <span class='ocrx_word' id='word_1_283' title='bbox 762 2480 877 2529; x_wconf 81' lang='lat' dir='ltr'><strong>tum</strong></span> <span class='ocrx_word' id='word_1_284' title='bbox 890 2516 905 2539; x_wconf 90' lang='lat'><strong>,</strong></span> <span class='ocrx_word' id='word_1_285' title='bbox 950 2491 1073 2528; x_wconf 79' lang='lat' dir='ltr'><strong>cum</strong></span> <span class='ocrx_word' id='word_1_286' title='bbox 1110 2475 1390 2543; x_wconf 74' lang='lat' dir='ltr'><strong>quondam</strong></span> <span class='ocrx_word' id='word_1_287' title='bbox 1425 2481 1591 2528; x_wconf 79' lang='lat' dir='ltr'><strong>antea</strong></span> <span class='ocrx_word' id='word_1_288' title='bbox 1627 2474 1744 2528; x_wconf 69' lang='lat' dir='ltr'><strong>illis</strong></span> <span class='ocrx_word' id='word_1_289' title='bbox 1771 2473 2156 2542; x_wconf 72' lang='lat' dir='ltr'><strong>praesentibus</strong></span> <span class='ocrx_word' id='word_1_290' title='bbox 2191 2471 2315 2525; x_wconf 79' lang='lat' dir='ltr'><strong>sub-</strong></span> 
     </span>
     <span class='ocr_line' id='line_1_32' title="bbox 259 2544 2318 2620; baseline -0.001 -21"><span class='ocrx_word' id='word_1_291' title='bbox 259 2546 530 2620; x_wconf 51' lang='lat' dir='ltr'><strong>sisterent</strong></span> <span class='ocrx_word' id='word_1_292' title='bbox 564 2548 658 2616; x_wconf 89' lang='lat' dir='ltr'><strong>(sc.</strong></span> <span class='ocrx_word' id='word_1_293' title='bbox 690 2545 915 2616; x_wconf 86' lang='lat' dir='ltr'><strong>animo).</strong></span> <span class='ocrx_word' id='word_1_294' title='bbox 971 2544 1260 2613; x_wconf 87' lang='lat' dir='ltr'><strong>propriam</strong></span> <span class='ocrx_word' id='word_1_295' title='bbox 1296 2544 1471 2599; x_wconf 92' lang='lat' dir='ltr'><strong>habet</strong></span> <span class='ocrx_word' id='word_1_296' title='bbox 1507 2544 1981 2615; x_wconf 81' lang='lat' dir='ltr'><strong>significationem</strong></span> <span class='ocrx_word' id='word_1_297' title='bbox 2018 2560 2124 2596; x_wconf 81' lang='lat' dir='ltr'><strong>vox</strong></span> <span class='ocrx_word' id='word_1_298' title='bbox 2160 2545 2318 2609; x_wconf 84' lang='grc' dir='ltr'>ὑφει-</span> 
     </span>
     <span class='ocr_line' id='line_1_33' title="bbox 235 2614 2319 2687; baseline -0.001 -17"><span class='ocrx_word' id='word_1_299' title='bbox 235 2619 254 2634; x_wconf 82' lang='grc'><strong>“’</strong></span> <span class='ocrx_word' id='word_1_300' title='bbox 274 2616 560 2682; x_wconf 84' lang='grc' dir='ltr'>στήκεσαν</span> <span class='ocrx_word' id='word_1_301' title='bbox 615 2618 735 2683; x_wconf 76' lang='lat' dir='ltr'><strong>„als</strong></span> <span class='ocrx_word' id='word_1_302' title='bbox 788 2617 867 2670; x_wconf 74' lang='lat' dir='ltr'><strong>sie</strong></span> <span class='ocrx_word' id='word_1_303' title='bbox 927 2617 1072 2683; x_wconf 83' lang='lat' dir='ltr'><strong>(dem</strong></span> <span class='ocrx_word' id='word_1_304' title='bbox 1130 2615 1334 2684; x_wconf 74' lang='lat' dir='ltr'><strong>Geiste)</strong></span> <span class='ocrx_word' id='word_1_305' title='bbox 1391 2622 1788 2687; x_wconf 74' lang='lat' dir='ltr'><strong>unteryetrete‘n</strong></span> <span class='ocrx_word' id='word_1_306' title='bbox 1844 2619 2084 2670; x_wconf 71' lang='lat' dir='ltr'><strong>waren“.</strong></span> <span class='ocrx_word' id='word_1_307' title='bbox 2177 2614 2319 2668; x_wconf 82' lang='grc' dir='ltr'>κατὰ</span> 
     </span>
     <span class='ocr_line' id='line_1_34' title="bbox 259 2683 2318 2828; baseline -0.002 -87"><span class='ocrx_word' id='word_1_308' title='bbox 259 2689 332 2810; x_wconf 53' lang='lat' dir='ltr'><strong>&#39;E</strong></span> <span class='ocrx_word' id='word_1_309' title='bbox 331 2704 367 2741; x_wconf 93' lang='grc' dir='ltr'>α</span> <span class='ocrx_word' id='word_1_310' title='bbox 377 2704 410 2809; x_wconf 72' lang='lat'><strong>11)</strong></span> <span class='ocrx_word' id='word_1_311' title='bbox 414 2688 696 2828; x_wconf 53' lang='grc' dir='ltr'><strong>ἓδσῗξσιίις)</strong></span> <span class='ocrx_word' id='word_1_312' title='bbox 726 2689 976 2743; x_wconf 81' lang='grc' dir='ltr'>εἰδώλων</span> <span class='ocrx_word' id='word_1_313' title='bbox 1014 2686 1392 2813; x_wconf 51' lang='grc' dir='ltr'>Ἑπιιιίαιῗοτί</span> <span class='ocrx_word' id='word_1_314' title='bbox 1416 2687 1570 2811; x_wconf 52' lang='lat' dir='ltr'><strong>{1119st</strong></span> <span class='ocrx_word' id='word_1_315' title='bbox 1606 2687 1959 2813; x_wconf 47' lang='grc' dir='ltr'>Ιζοιῃοοέὶίῡιιο</span> <span class='ocrx_word' id='word_1_316' title='bbox 1967 2683 2318 2812; x_wconf 57' lang='lat' dir='ltr'><strong>n(Democriti</strong></span> 
     </span>
    </p>

    <p class='ocr_par' dir='ltr' id='par_1_3' title="bbox 271 2773 2321 3611">
     <span class='ocr_line' id='line_1_35' title="bbox 334 2773 2318 2828; baseline -0.001 -18"><span class='ocrx_word' id='word_1_317' title='bbox 334 2799 345 2810; x_wconf 93' lang='lat'><strong>.</strong></span> <span class='ocrx_word' id='word_1_318' title='bbox 572 2773 2318 2828; x_wconf 64' lang='lat' dir='ltr'><strong>ies.praesensaumiiv.,vtgoqoq›av·</strong></span> 
     </span>
     <span class='ocr_line' id='line_1_36' title="bbox 273 2777 2318 2898; baseline -0.002 -15"><span class='ocrx_word' id='word_1_319' title='bbox 273 2830 465 2885; x_wconf 87' lang='grc' dir='ltr'>τασίαι</span> <span class='ocrx_word' id='word_1_320' title='bbox 507 2835 627 2883; x_wconf 86' lang='grc' dir='ltr'><strong>τῶν</strong></span> <span class='ocrx_word' id='word_1_321' title='bbox 673 2832 937 2885; x_wconf 85' lang='grc' dir='ltr'>ἀπόντων</span> <span class='ocrx_word' id='word_1_322' title='bbox 981 2833 1088 2898; x_wconf 85' lang='grc' dir='ltr'><strong>τὴν</strong></span> <span class='ocrx_word' id='word_1_323' title='bbox 1134 2832 1315 2897; x_wconf 85' lang='grc' dir='ltr'>αὐτὴν</span> <span class='ocrx_word' id='word_1_324' title='bbox 1361 2833 1595 2897; x_wconf 83' lang='grc' dir='ltr'>δύναμιν</span> <span class='ocrx_word' id='word_1_325' title='bbox 1635 2777 1850 2898; x_wconf 57' lang='grc' dir='ltr'>ἔχουὲι,</span> <span class='ocrx_word' id='word_1_326' title='bbox 1907 2846 2021 2883; x_wconf 92' lang='lat' dir='ltr'><strong>non</strong></span> <span class='ocrx_word' id='word_1_327' title='bbox 2059 2826 2160 2881; x_wconf 83' lang='lat' dir='ltr'><strong>alii</strong></span> <span class='ocrx_word' id='word_1_328' title='bbox 2196 2843 2318 2881; x_wconf 89' lang='lat' dir='ltr'><strong>esse</strong></span> 
     </span>
     <span class='ocr_line' id='line_1_37' title="bbox 274 2901 2320 2970; baseline -0 -17"><span class='ocrx_word' id='word_1_329' title='bbox 274 2903 518 2969; x_wconf 87' lang='lat' dir='ltr'><strong>possunt</strong></span> <span class='ocrx_word' id='word_1_330' title='bbox 553 2901 663 2954; x_wconf 91' lang='lat' dir='ltr'><strong>nisi</strong></span> <span class='ocrx_word' id='word_1_331' title='bbox 701 2901 761 2967; x_wconf 92' lang='lat' dir='ltr'><strong>ii,</strong></span> <span class='ocrx_word' id='word_1_332' title='bbox 798 2901 1003 2970; x_wconf 90' lang='lat' dir='ltr'><strong>quibus</strong></span> <span class='ocrx_word' id='word_1_333' title='bbox 1040 2901 1362 2955; x_wconf 86' lang='lat' dir='ltr'><strong>absentium</strong></span> <span class='ocrx_word' id='word_1_334' title='bbox 1406 2903 1666 2956; x_wconf 90' lang='lat' dir='ltr'><strong>notiones</strong></span> <span class='ocrx_word' id='word_1_335' title='bbox 1704 2902 2095 2967; x_wconf 68' lang='lat' dir='ltr'><strong>suboriuntur,</strong></span> <span class='ocrx_word' id='word_1_336' title='bbox 2158 2915 2320 2968; x_wconf 87' lang='lat' dir='ltr'><strong>prae-</strong></span> 
     </span>
     <span class='ocr_line' id='line_1_38' title="bbox 275 2971 2321 3043; baseline -0.001 -18"><span class='ocrx_word' id='word_1_337' title='bbox 275 2975 465 3026; x_wconf 88' lang='lat' dir='ltr'><strong>sentes</strong></span> <span class='ocrx_word' id='word_1_338' title='bbox 502 2974 693 3025; x_wconf 89' lang='lat' dir='ltr'><strong>autem</strong></span> <span class='ocrx_word' id='word_1_339' title='bbox 732 2972 996 3025; x_wconf 87' lang='lat' dir='ltr'><strong>dicuntur</strong></span> <span class='ocrx_word' id='word_1_340' title='bbox 1030 2972 1278 3043; x_wconf 91' lang='lat' dir='ltr'><strong>prolepsi</strong></span> <span class='ocrx_word' id='word_1_341' title='bbox 1316 2974 1583 3041; x_wconf 82' lang='lat' dir='ltr'><strong>quadam,</strong></span> <span class='ocrx_word' id='word_1_342' title='bbox 1631 2990 1757 3028; x_wconf 90' lang='lat' dir='ltr'><strong>cum</strong></span> <span class='ocrx_word' id='word_1_343' title='bbox 1797 2971 2143 3037; x_wconf 86' lang='lat' dir='ltr'><strong>absentibus,</strong></span> <span class='ocrx_word' id='word_1_344' title='bbox 2182 2986 2321 3039; x_wconf 90' lang='lat' dir='ltr'><strong>quo-</strong></span> 
     </span>
     <span class='ocr_line' id='line_1_39' title="bbox 274 3044 2318 3113; baseline -0.001 -17"><span class='ocrx_word' id='word_1_345' title='bbox 274 3060 400 3096; x_wconf 89' lang='lat' dir='ltr'><strong>rum</strong></span> <span class='ocrx_word' id='word_1_346' title='bbox 449 3044 738 3112; x_wconf 85' lang='lat' dir='ltr'><strong>accipiunt</strong></span> <span class='ocrx_word' id='word_1_347' title='bbox 773 3044 1058 3110; x_wconf 88' lang='lat' dir='ltr'><strong>notiones,</strong></span> <span class='ocrx_word' id='word_1_348' title='bbox 1110 3046 1483 3113; x_wconf 89' lang='lat' dir='ltr'><strong>opponantur.</strong></span> <span class='ocrx_word' id='word_1_349' title='bbox 1557 3047 1805 3100; x_wconf 69' lang='lat' dir='ltr'><strong>‘notiones</strong></span> <span class='ocrx_word' id='word_1_350' title='bbox 1849 3045 2154 3100; x_wconf 76' lang='lat' dir='ltr'><strong>absentium</strong></span> <span class='ocrx_word' id='word_1_351' title='bbox 2189 3058 2318 3096; x_wconf 75' lang='lat' dir='ltr'><strong>ean-</strong></span> 
     </span>
     <span class='ocr_line' id='line_1_40' title="bbox 280 3115 2320 3185; baseline -0 -18"><span class='ocrx_word' id='word_1_352' title='bbox 280 3115 399 3168; x_wconf 83' lang='lat' dir='ltr'><strong>dem</strong></span> <span class='ocrx_word' id='word_1_353' title='bbox 432 3117 543 3169; x_wconf 80' lang='lat' dir='ltr'><strong>vim</strong></span> <span class='ocrx_word' id='word_1_354' title='bbox 578 3116 781 3169; x_wconf 77' lang='lat' dir='ltr'><strong>habent</strong></span> <span class='ocrx_word' id='word_1_355' title='bbox 813 3116 879 3168; x_wconf 76' lang='lat' dir='ltr'><strong>in</strong></span> <span class='ocrx_word' id='word_1_356' title='bbox 905 3122 1239 3184; x_wconf 68' lang='lat' dir='ltr'><strong>praesentes,</strong></span> <span class='ocrx_word' id='word_1_357' title='bbox 1275 3122 1437 3185; x_wconf 76' lang='lat' dir='ltr'><strong>atque</strong></span> <span class='ocrx_word' id='word_1_358' title='bbox 1474 3123 1608 3183; x_wconf 61' lang='lat' dir='ltr'><strong>tamn,</strong></span> <span class='ocrx_word' id='word_1_359' title='bbox 1644 3134 1768 3172; x_wconf 82' lang='lat' dir='ltr'><strong>cum</strong></span> <span class='ocrx_word' id='word_1_360' title='bbox 1794 3117 1911 3171; x_wconf 76' lang='lat' dir='ltr'><strong>illis</strong></span> <span class='ocrx_word' id='word_1_361' title='bbox 1936 3130 2146 3184; x_wconf 75' lang='lat' dir='ltr'><strong>quoque</strong></span> <span class='ocrx_word' id='word_1_362' title='bbox 2179 3115 2320 3181; x_wconf 78' lang='grc' dir='ltr'>(καὶ)</span> 
     </span>
     <span class='ocr_line' id='line_1_41' title="bbox 271 3184 2318 3252; baseline -0.001 -13"><span class='ocrx_word' id='word_1_363' title='bbox 271 3187 653 3252; x_wconf 68' lang='lat' dir='ltr'><strong>praesentibus</strong></span> <span class='ocrx_word' id='word_1_364' title='bbox 689 3188 879 3241; x_wconf 74' lang='lat' dir='ltr'><strong>animo</strong></span> <span class='ocrx_word' id='word_1_365' title='bbox 914 3203 1100 3241; x_wconf 80' lang='lat' dir='ltr'><strong>eorum</strong></span> <span class='ocrx_word' id='word_1_366' title='bbox 1135 3188 1508 3242; x_wconf 73' lang='lat' dir='ltr'><strong>substiterunt.</strong></span> <span class='ocrx_word' id='word_1_367' title='bbox 1559 3187 1655 3242; x_wconf 86' lang='lat' dir='ltr'><strong>cfr.</strong></span> <span class='ocrx_word' id='word_1_368' title='bbox 1678 3187 1744 3241; x_wconf 83' lang='lat' dir='ltr'><strong>fr.</strong></span> <span class='ocrx_word' id='word_1_369' title='bbox 1766 3186 1948 3241; x_wconf 91' lang='lat' dir='ltr'><strong>XVIII</strong></span> <span class='ocrx_word' id='word_1_370' title='bbox 1984 3185 2087 3241; x_wconf 91' lang='lat' dir='ltr'><strong>col.</strong></span> <span class='ocrx_word' id='word_1_371' title='bbox 2116 3184 2167 3237; x_wconf 91' lang='lat'><strong>11</strong></span> <span class='ocrx_word' id='word_1_372' title='bbox 2203 3201 2253 3236; x_wconf 81' lang='lat' dir='ltr'><strong>v.</strong></span> <span class='ocrx_word' id='word_1_373' title='bbox 2286 3190 2318 3237; x_wconf 81' lang='lat'><strong>5</strong></span> 
     </span>
     <span class='ocr_line' id='line_1_42' title="bbox 281 3255 2320 3327; baseline 0 -18"><span class='ocrx_word' id='word_1_374' title='bbox 281 3255 683 3326; x_wconf 84' lang='grc' dir='ltr'>ἑναρθρότερος</span> <span class='ocrx_word' id='word_1_375' title='bbox 718 3259 771 3312; x_wconf 83' lang='grc' dir='ltr'><strong>δ’</strong></span> <span class='ocrx_word' id='word_1_376' title='bbox 798 3260 966 3323; x_wconf 84' lang='grc' dir='ltr'>οὗτος</span> <span class='ocrx_word' id='word_1_377' title='bbox 1001 3259 1246 3324; x_wconf 85' lang='grc' dir='ltr'>ἑγείνετο</span> <span class='ocrx_word' id='word_1_378' title='bbox 1282 3261 1375 3313; x_wconf 82' lang='grc' dir='ltr'>διὰ</span> <span class='ocrx_word' id='word_1_379' title='bbox 1406 3261 1474 3312; x_wconf 88' lang='grc' dir='ltr'>τὸ</span> <span class='ocrx_word' id='word_1_380' title='bbox 1505 3260 1564 3313; x_wconf 78' lang='grc' dir='ltr'>ἐν</span> <span class='ocrx_word' id='word_1_381' title='bbox 1594 3260 1806 3327; x_wconf 79' lang='grc' dir='ltr'>ἀμφοῖν</span> <span class='ocrx_word' id='word_1_382' title='bbox 1833 3262 1996 3326; x_wconf 82' lang='grc' dir='ltr'>ἡμεῖν</span> <span class='ocrx_word' id='word_1_383' title='bbox 2023 3261 2320 3324; x_wconf 80' lang='grc' dir='ltr'>παροῦσι</span> 
     </span>
     <span class='ocr_line' id='line_1_43' title="bbox 279 3328 2316 3414; baseline -0 -33"><span class='ocrx_word' id='word_1_384' title='bbox 279 3328 634 3394; x_wconf 84' lang='grc' dir='ltr'>στρέφεσθαι.</span> <span class='ocrx_word' id='word_1_385' title='bbox 692 3332 825 3399; x_wconf 90' lang='lat' dir='ltr'><strong>(non</strong></span> <span class='ocrx_word' id='word_1_386' title='bbox 863 3330 1005 3414; x_wconf 77' lang='lat' dir='ltr'><strong>dicit</strong></span> <span class='ocrx_word' id='word_1_387' title='bbox 1033 3336 1283 3397; x_wconf 80' lang='grc' dir='ltr'>συνοῦσι,</span> <span class='ocrx_word' id='word_1_388' title='bbox 1323 3331 1424 3383; x_wconf 92' lang='lat' dir='ltr'><strong>sed</strong></span> <span class='ocrx_word' id='word_1_389' title='bbox 1449 3337 1709 3399; x_wconf 80' lang='grc' dir='ltr'>παροῦσι,</span> <span class='ocrx_word' id='word_1_390' title='bbox 1749 3330 1884 3399; x_wconf 87' lang='lat' dir='ltr'><strong>quia</strong></span> <span class='ocrx_word' id='word_1_391' title='bbox 1915 3330 1983 3382; x_wconf 89' lang='lat' dir='ltr'><strong>de</strong></span> <span class='ocrx_word' id='word_1_392' title='bbox 2012 3329 2316 3411; x_wconf 82' lang='lat' dir='ltr'><strong>Antipatro</strong></span> 
     </span>
     <span class='ocr_line' id='line_1_44' title="bbox 277 3399 2320 3543; baseline 0.001 -21"><span class='ocrx_word' id='word_1_393' title='bbox 277 3413 393 3451; x_wconf 78' lang='lat'>&#39;¹⁰¹¹</span> <span class='ocrx_word' id='word_1_394' title='bbox 424 3404 740 3526; x_wconf 49' lang='lat' dir='ltr'><strong>cffif‘ff‘ff}</strong></span> <span class='ocrx_word' id='word_1_395' title='bbox 748 3401 1847 3540; x_wconf 50' lang='grc' dir='ltr'><strong>Βὲῗέῗέόταῆθκἓῗίὴᾩὲἓῗεῖτιῖῗὲῗι</strong></span> <span class='ocrx_word' id='word_1_396' title='bbox 1869 3407 1983 3527; x_wconf 65' lang='lat'><strong>{211³</strong></span> <span class='ocrx_word' id='word_1_397' title='bbox 1992 3399 2320 3543; x_wconf 48' lang='lat' dir='ltr'><strong>&amp;simi</strong></span> 
     </span>
     <span class='ocr_line' id='line_1_45' title="bbox 278 3540 1559 3611; baseline 0.002 -16"><span class='ocrx_word' id='word_1_398' title='bbox 278 3544 371 3596; x_wconf 80' lang='grc' dir='ltr'><strong>καὶ</strong></span> <span class='ocrx_word' id='word_1_399' title='bbox 408 3540 680 3611; x_wconf 84' lang='lat' dir='ltr'><strong>abundat,</strong></span> <span class='ocrx_word' id='word_1_400' title='bbox 721 3543 818 3598; x_wconf 86' lang='lat' dir='ltr'><strong>cfr.</strong></span> <span class='ocrx_word' id='word_1_401' title='bbox 857 3543 925 3598; x_wconf 89' lang='lat' dir='ltr'><strong>fr.</strong></span> <span class='ocrx_word' id='word_1_402' title='bbox 964 3542 1172 3597; x_wconf 87' lang='lat' dir='ltr'><strong>XXVII</strong></span> <span class='ocrx_word' id='word_1_403' title='bbox 1208 3542 1312 3598; x_wconf 89' lang='lat' dir='ltr'><strong>col.</strong></span> <span class='ocrx_word' id='word_1_404' title='bbox 1339 3542 1394 3597; x_wconf 88' lang='lat' dir='ltr'>H</span> <span class='ocrx_word' id='word_1_405' title='bbox 1430 3562 1477 3597; x_wconf 88' lang='lat' dir='ltr'><strong>v.</strong></span> <span class='ocrx_word' id='word_1_406' title='bbox 1511 3550 1559 3597; x_wconf 84' lang='lat'><strong>5.</strong></span> 
     </span>
    </p>
   </div>
   <div class='ocr_carea' id='block_1_3' title="bbox 422 3611 2320 3684">
    <p class='ocr_par' dir='ltr' id='par_1_4' title="bbox 422 3611 2320 3684">
     <span class='ocr_line' id='line_1_46' title="bbox 422 3611 2320 3684; baseline -0.001 -17"><span class='ocrx_word' id='word_1_407' title='bbox 422 3611 527 3667; x_wconf 90' lang='lat' dir='ltr'><strong>col.</strong></span> <span class='ocrx_word' id='word_1_408' title='bbox 564 3613 644 3666; x_wconf 90' lang='lat'><strong>111</strong></span> <span class='ocrx_word' id='word_1_409' title='bbox 688 3632 735 3667; x_wconf 88' lang='lat' dir='ltr'><strong>v.</strong></span> <span class='ocrx_word' id='word_1_410' title='bbox 775 3620 953 3669; x_wconf 86' lang='lat'>4—10</span> <span class='ocrx_word' id='word_1_411' title='bbox 1010 3614 1405 3684; x_wconf 89' lang='lat' dir='ltr'><strong>supplementa</strong></span> <span class='ocrx_word' id='word_1_412' title='bbox 1459 3616 1600 3670; x_wconf 89' lang='lat' dir='ltr'><strong>satis</strong></span> <span class='ocrx_word' id='word_1_413' title='bbox 1656 3618 1812 3669; x_wconf 89' lang='lat' dir='ltr'><strong>certa</strong></span> <span class='ocrx_word' id='word_1_414' title='bbox 1866 3632 1985 3668; x_wconf 91' lang='lat' dir='ltr'><strong>esse</strong></span> <span class='ocrx_word' id='word_1_415' title='bbox 2039 3614 2320 3668; x_wconf 84' lang='lat' dir='ltr'><strong>videntur.</strong></span> 
     </span>
    </p>
   </div>
  </div>
 </body>
</html>
