2693 4100
1171 231 1629 286 —XLIV—

539 398 1035 475 διαλεξομένους
1075 411 1184 461 σοι
1224 398 1326 460 καὶ
1365 397 1762 475 κομίζοντας,
1820 419 1947 478 cap.
1988 403 2071 460 43
2131 397 2429 477 ἐκόμιζον

540 537 733 549 .....
783 486 844 549 οἳ
893 487 994 549 καὶ
1033 486 1429 567 μετέδωκαν,
1477 491 1581 549 cfr.
1631 509 1786 565 quae
1824 490 2264 550 Radermacher
2305 492 2345 550 1.
2376 510 2425 550 c.

461 604 465 609 ·
536 581 788 639 notavit.

390 670 489 728 10.

536 670 879 728 Aoristus
936 671 1243 746 gnomicus
1297 669 1363 727 in
1420 671 1718 728 sententia
1773 668 2043 744 ponitur,
2090 688 2243 745 quae
2289 672 2423 746 ipsa

427 774 431 781 ·
535 777 656 818 non
722 757 1132 833 comparativa
1189 760 1282 817 est
1339 757 1442 817 sed
1508 776 1642 817 cum
1707 760 2153 834 comparatione
2219 760 2426 833 aliqua

408 854 412 859 ’
447 868 451 875 ·
537 847 815 907 cohaeret
858 848 932 905 fr.
961 846 1213 904 XXXIX
1260 847 1370 906 col.
1399 847 1432 905 I
1463 850 1497 906 9
1547 844 1650 906 καὶ
1696 845 1819 922 γὰρ
1869 842 1923 906 εἰ
1962 844 2041 920 μὴ
2081 844 2198 907 τὸν
2246 842 2421 921 ἀριθ-

538 933 659 1010 μὸν
697 931 850 996 ἴσον
890 931 1020 1010 ἔχει
1061 982 1072 994 .
1108 982 1119 994 .
1152 982 1164 994 .
1198 982 1236 1007 .,
1278 931 1417 995 ἀλλ’
1459 931 1577 996 οὗν
1616 952 1689 1006 γε
1729 983 1742 994 .
1765 982 1777 995 .
1801 982 1814 995 .
1854 932 2165 996 διέζωσεν
2205 931 2420 1010 οὕτως

409 1098 413 1105 ,
536 1022 639 1084 καὶ
687 1020 1005 1098 ἀντέδησε
1052 1022 1466 1099 δεζμουμένη,
1515 1021 1740 1099 ὥσπερ
1788 1024 1919 1084 τῶν
1959 1020 2143 1085 ὀπῶν
2182 1020 2220 1084 ὁ
2271 1025 2420 1099 βρα-

537 1110 815 1188 χύτατος
855 1108 1150 1174 ἄπλατον
1188 1109 1373 1185 γάλα.
1422 1116 1525 1173 cfr.
1563 1114 1867 1173 Blassium
1903 1115 1941 1172 1.
1973 1132 2019 1172 c.
2050 1135 2106 1190 p.
2142 1115 2287 1189 189,
2317 1117 2423 1190 qui

428 1210 437 1235 ’ν
477 1215 480 1218 ’
534 1203 709 1263 affert
755 1204 888 1263 Joh.
944 1204 1044 1276 15,
1076 1206 1142 1262 6:
1191 1198 1306 1263 ἐὰν
1358 1199 1438 1277 μή
1486 1219 1582 1276 τις
1632 1199 1810 1282 μείνῃ
1861 1199 1930 1262 ἐν
1979 1199 2136 1277 ἐμοί,
2184 1198 2421 1277 ἐβλήθη

444 1318 449 1325 ·
534 1288 657 1353 ἔξω
715 1289 806 1366 ὡς
863 1289 939 1351 τὸ
987 1291 1196 1366 κλῆμα
1250 1289 1354 1351 καὶ
1404 1288 1733 1366 ἐξηράνθη.
1827 1293 2085 1350 'alterum
2132 1294 2420 1352 aoristum

385 1554 484 1619 11.

533 1381 874 1460 gnomicum
942 1381 1045 1440 sed
1118 1381 1244 1440 sine
1315 1383 1760 1456 comparatione
1821 1381 2104 1440 adiuncta
2165 1382 2422 1441 fortasse

533 1471 716 1530 habes
761 1473 823 1529 in
873 1471 1079 1529 eodem
1123 1472 1197 1529 fr.
1245 1472 1355 1529 col.
1386 1469 1473 1527 IV
1505 1473 1641 1545 2sq.

535 1558 1059 1619 Coniunctivus
1117 1559 1544 1618 deliberativus
1598 1561 1817 1618 tertiae
1863 1577 2151 1635 personae
2195 1561 2268 1618 fr.
2307 1559 2421 1617 XX

532 1646 640 1708 col.
680 1648 743 1707 Π
781 1652 818 1708 9
869 1652 929 1707 et
974 1650 1047 1706 fr.
1085 1648 1282 1706 XXIX
1328 1648 1437 1707 col.
1467 1647 1499 1705 I
1539 1651 1595 1707 3.
1688 1649 1793 1724 qui
1839 1667 1980 1708 usus
2028 1650 2210 1708 etiam
2258 1649 2420 1724 apud

532 1738 771 1798 Atticos
809 1737 1127 1814 scriptores
1165 1757 1286 1796 non
1323 1738 1565 1796 omnino
1604 1737 1787 1812 deest,
1825 1738 1929 1797 cfr.
1958 1736 2421 1797 Kiihner-Gerth

439 1852 444 1857 ·
498 1826 640 1886 {Gru
684 1827 788 1887 Gr.
837 1827 899 1884 Π
932 1830 963 1885 1
1017 1847 1073 1904 p.
1116 1829 1271 1902 221,
1328 1827 1566 1903 saepius
1614 1828 1816 1884 autem
1861 1827 1928 1884 in
1975 1845 2241 1885 sermone
2288 1827 2419 1885 vul-

407 1934 436 1951 ·‘
532 1918 665 1995 gari
708 1916 1028 1975 invemtur.
1122 1934 1192 1974 ex
1230 1916 1498 1991 Epicteti
1543 1917 1739 1991 primo
1784 1915 1938 1974 libro
1987 1916 2207 1976 adnoto
2258 1919 2316 1991 9,
2348 1916 2418 1991 6;

432 2011 437 2019 ’
535 2007 636 2081 13,
667 2006 732 2082 3'3
784 2006 886 2081 15,
917 2006 982 2079 5·
1035 2008 1136 2081 17,
1168 2006 1396 2083 2et33
1447 2007 1548 2080 18,
1581 2007 1663 2067 14
1694 2006 1755 2064 et
1786 2007 1885 2065 19.
1967 2005 2069 2120 cfr.
2111 2005 2420 2065 Blassium

414 2050 932 2171 ·‘1.0’.p20'5.

382 2187 481 2243 12.

533 2180 621 2244 ἄν
668 2203 812 2243 voce
851 2185 1071 2244 omissa
1116 2186 1182 2241 in
1220 2184 1518 2242 sententia
1554 2184 1813 2242 relativa
1851 2178 2265 2243 coniunctivus
2311 2202 2419 2259 po·

460 2278 464 2282 '
529 2275 696 2332 nitur
738 2275 812 2332 fr.
840 2272 929 2330 IV
957 2273 1066 2332 col.
1095 2273 1127 2331 I
1160 2276 1258 2331 12.
1325 2274 1429 2332 cfr.
1479 2289 1632 2347 quae
1677 2272 1762 2331 ibi
1811 2273 2189 2332 adnotantur
2257 2273 2419 2348 apud

381 2542 479 2599 13.

529 2362 847 2422 Atticistas
894 2382 1223 2438 numquam
1266 2362 1590 2436 invenitur,
1636 2363 1739 2420 cfr.
1777 2361 2145 2420 Schmidium
2181 2362 2219 2418 1.
2237 2379 2298 2421 Ὃ.
2327 2361 2417 2420 IV

620 2452 767 2510 621.

526 2472 598 2600 ἓν
613 2557 654 2599 α
709 2541 1187 2599 coniunctionem
1243 2541 1428 2598 etiam
1482 2541 1867 2599 antecedente
1921 2542 2189 2617 tempore
2243 2559 2415 2615 prae-

526 2630 707 2688 terito
772 2648 1005 2705 semper
1068 2629 1483 2688 coniunctivus
1558 2631 1841 2705 sequitur.
1954 2631 2039 2688 sic
2103 2630 2285 2688 etiam
2348 2630 2417 2688 in

388 2723 394 2754 ³
467 2734 470 2737 ·
528 2711 646 2776 NT
686 2710 820 2798 (cfr.
860 2718 1160 2778 Blassium
1195 2719 1234 2777 1.
1266 2736 1312 2777 ο.
1351 2738 1409 2794 p.
1442 2710 1619 2798 216),
1659 2720 1720 2777 et
1748 2718 1907 2795 apud
1939 2718 2240 2778 Aristeam
2279 2710 2414 2798 (cfr.

526 2807 994 2866 Wendlandium
1039 2827 1095 2883 p.
1131 2800 1287 2888 194)
1335 2809 1397 2865 et
1452 2808 1801 2883 plerumque
1848 2803 2009 2884 apud
2054 2807 2416 2883 Epictetum,

527 2897 695 2956 cuius
750 2897 867 2957 duo
920 2899 1183 2955 tantum'
1220 2897 1489 2971 exempla
1550 2897 1809 2973 optativi
1870 2898 1936 2954 in
1989 2897 2184 2954 indice
2226 2898 2418 2980 'notat

453 3014 456 3018 ⁴
528 2984 799 3045 Schenkl.
909 2988 1119 3044 notum
1183 2988 1272 3045 est
1326 2985 1571 3044 modum
1626 2986 1965 3061 optativum
2019 2987 2085 3043 in
2144 3001 2411 3044 sermone

378 3153 475 3252 14.

375 3521 475 3579 15.
495 3519 500 3552 ²
524 3516 624 3593 ὡς
672 3511 809 3600 (pro
857 3511 1060 3602 ὥστε)
1099 3539 1233 3580 cum
1269 3520 1570 3579 infinitivo
1608 3522 1874 3581 struitur.
1942 3521 2027 3579 sic
2074 3520 2257 3578 etiam
2303 3537 2411 3594 po-

524 3076 761 3152 vulgari
804 3075 1102 3151 paulatim
1148 3077 1473 3134 evanuisse.

526 3160 579 3223 ὥ
594 3175 682 3224 στ
696 3181 726 3223 ε
792 3179 1024 3240 semper
1092 3182 1227 3222 cum
1289 3163 1589 3223 infinitivo
1665 3165 1919 3222 struitur
1991 3164 2235 3239 excepto
2299 3163 2409 3221 XX

524 3254 632 3312 col.
672 3252 735 3310 II
776 3257 852 3312 11
869 3298 885 3328 ,
939 3253 1046 3311 ubi
1108 3253 1429 3312 manifesto
1487 3255 1787 3311 structura
1841 3269 1963 3312 non
2020 3248 2410 3325 ὑποτακτική

527 3333 618 3402 e'st
658 3342 761 3401 sed
797 3339 1250 3417 παρατακτική.
1297 3360 1440 3401 usus
1468 3344 1753 3420 vulgaris.
1801 3342 1864 3399 in
1891 3341 2133 3401 Aristea
2160 3359 2413 3416 semper,

521 3431 587 3489 in
614 3431 734 3489 NT
761 3431 1112 3507 plerumque
1139 3431 1229 3490 ita
1259 3433 1529 3507 struitur,
1559 3433 1663 3490 cfr.
1692 3431 1993 3490 Blassium
2024 3431 2063 3488 1.
2094 3449 2141 3490 ο.
2170 3450 2226 3506 p.
2260 3432 2407 3489 219.

524 3611 655 3668 stae
700 3610 939 3688 tragici,
985 3608 1354 3686 Herodotus,
1401 3609 1747 3686 Xenophon,
1794 3610 1896 3668 cfr·
1946 3607 2409 3668 Kfflmer-Gerth
