2693 4100
1052 228 1490 293 ..95—

247 393 373 463 (col.
412 391 464 444 11
508 409 561 443 v.
593 390 791 457 4—14)
841 387 1173 457 simpliciter
1220 387 1437 440 animas
1492 405 1593 455 per
1639 404 1696 440 se
1746 387 1892 441 solas
1945 387 2288 441 immortales

245 465 480 518 reddere
521 463 775 531 oportere
820 460 1183 513 transitiones
1230 458 1360 511 illas
1404 459 1972 526 praetermittentem,
2003 501 2158 515 .....
2190 462 2290 512 aut

200 591 203 595 ,
248 536 319 605 (si
356 532 703 587 immortales
739 549 840 601 per
877 549 934 586 se
972 532 1128 599 ipsas
1165 547 1277 584 non
1313 530 1642 600 reddantur)
1675 547 1745 582 ne
1774 531 2135 584 transitiones
2165 531 2287 599 qui·

253 609 383 659 dem
421 603 551 657 illas
590 603 740 656 credi
777 620 941 672 posse
979 602 1150 672 (quod
1189 619 1362 671 supra
1396 601 1697 671 probatum
1731 603 1855 671 est),
1890 602 2061 655 immo
2098 603 2288 670 potius

251 680 375 731 tum
422 676 638 729 animas
659 742 663 745 μ
683 677 814 744 post
859 676 1095 728 mortem
1143 674 1337 726 statim
1384 673 1612 726 interire
1660 673 1998 726 credendum
2045 690 2179 727 esse.
2220 704 2288 714 —

253 751 377 802 tota
410 747 591 818 igitur
627 747 806 800 oratio
842 744 1114 816 Diogenis
1162 745 1300 798 illuc
1345 745 1615 812 pertinet:
1671 745 2033 797 transitiones
2069 747 2135 798 ut
2172 744 2288 797 effi-

253 821 368 874 ciat
403 817 772 887 Empedocles
811 818 1028 870 animas
1074 833 1298 870 necesse
1352 818 1438 869 est
1481 834 1583 884 per
1620 833 1676 869 se
1714 816 1868 884 ipsas
1903 816 2089 870 vivere
2125 832 2288 884 posse

252 891 526 945 concedat
570 892 749 960 (nam,
805 889 853 942 si
899 889 1129 956 quidem
1173 889 1494 954 transeunt,
1551 904 1615 941 eo
1661 887 1785 955 ipso
1831 889 2107 955 tempore,
2163 904 2289 941 curn

251 963 571 1028 transeunt,
627 961 894 1014 nimirum
943 977 1045 1028 per
1100 977 1157 1013 se
1201 960 1446 1029 vivunt);
1513 959 1598 1011 sin
1648 961 1836 1012 autem
1881 976 1983 1027 per
2028 977 2084 1012 se
2120 959 2289 1027 ⁴ipsas

252 1035 437 1088 vivere
476 1035 730 1101 possunt,
769 1047 1215 1101 supervacaneae
1263 1032 1395 1083 sunt
1430 1029 1563 1083 illae
1602 1031 1962 1083 transitiones
1999 1030 2288 1099 multoque

255 1105 568 1174 simplicius
607 1105 823 1157 animas
861 1120 963 1173 per
999 1120 1057 1157 se
1095 1103 1247 1171 ipsas
1285 1102 1631 1157 immortales
1668 1101 1941 1154 redderet.
2366 1102 2367 1105 ’

394 1195 446 1229 v.
479 1181 511 1229 8
570 1178 754 1230 ἑαυτῶ
792 1192 894 1244 pro
934 1180 1170 1242 σεαυτῶ,
1210 1173 1364 1242 quod
1399 1173 1545 1227 nihil
1581 1174 1756 1227 habet
1793 1172 2143 1239 offensionis,
2200 1173 2290 1225 his

252 1250 443 1301 tamen
493 1247 554 1299 in
608 1247 941 1317 fragmentis
995 1263 1109 1300 non
1162 1245 1274 1298 nisi
1328 1245 1423 1298 hic
1467 1245 1770 1313 invenitur,
1817 1244 2096 1312 siquidem
2139 1246 2290 1297 recte

254 1319 428 1372 verba
468 1319 730 1387 suppleta
768 1321 914 1371 sunt.

400 1407 501 1461 col.
540 1406 592 1459 II
626 1425 678 1459 v.
709 1411 886 1458 4-—14
940 1423 1111 1458 unam
1164 1405 1227 1458 in
1275 1406 1614 1459 sententiam
1658 1404 1831 1459 verba
1878 1404 2290 1473 comprehendi.

260 1485 359 1533 aut
394 1480 541 1534 enim
577 1478 799 1532 animas
829 1494 930 1545 per
964 1494 1017 1532 se
1052 1478 1199 1532 solas
1235 1478 1566 1532 immortales
1602 1484 1651 1531 te
1687 1477 1906 1531 reddere
1935 1483 2155 1545 oportet,
2193 1482 2294 1530 aut

254 1552 307 1605 si
344 1549 702 1605 transitiones
745 1549 873 1603 illas
918 1550 1075 1603 nobis
1119 1548 1406 1614 narrabis,
1464 1549 1566 1602 tibi
1610 1549 1827 1617 quidem
1871 1565 1985 1602 non
2020 1548 2294 1602 credemus
2389 1570 2401 1581 .

259 1623 449 1687 (immo
490 1619 679 1687 potius
722 1637 814 1674 eas
856 1621 908 1674 si
943 1637 1049 1688 per
1091 1637 1145 1673 se
1190 1637 1410 1674 manere
1455 1636 1569 1674 non
1604 1626 1863 1688 possunt,
1912 1626 2038 1688 post
2072 1624 2292 1672 mortem

260 1693 486 1745 interire
521 1691 957 1759 arbitrabimur).

400 1781 450 1816 v.
490 1767 662 1815 9-12
718 1763 810 1817 ἵνα
863 1778 967 1817 σου
1013 1764 1082 1816 τὸ
1129 1764 1482 1829 πανέσχατον
1529 1765 1866 1830 σενμότερον
1903 1764 2120 1829 ὑπῆρχε
2170 1761 2289 1830 [ro]

263 1834 509 1905 ψεῦσμα]
584 1840 648 1887 ut
684 1841 1017 1902 postremum
1061 1834 1408 1887 mendacium
1452 1840 1609 1890 tuum
1653 1834 1930 1888 honestius
1966 1839 2110 1887 esset.
2186 1833 2292 1885 hoc

254 1907 599 1972 postremum
636 1905 994 1958 mendacium
1042 1907 1129 1957 est
1172 1903 1449 1971 placitum
1485 1903 1629 1958 illud
1665 1904 2038 1973 Empedoclis,
2077 1903 2292 1956 animas

257 1975 327 2029 ab
364 1975 573 2029 infimis
613 1975 953 2029 animalibus
993 1976 1065 2027 ad
1112 1976 1400 2043 superiora
1445 1976 1729 2047 gradatim
1776 1976 2140 2029 ascendentes
2194 1992 2293 2044 po-

257 2050 462 2102 stremo
492 2046 564 2101 ad
595 2047 727 2100 deos
761 2046 1067 2116 pervenire,
1106 2047 1257 2115 quod
1279 2047 1480 2117 >ipsum
1519 2065 1637 2112 suo,
1657 2047 1827 2102 exitio
1865 2049 2028 2117 quasi
2064 2049 2126 2101 in
2163 2047 2294 2102 deo-

254 2137 382 2172 rum
438 2120 661 2172 coetum
716 2118 1003 2172 sublatum
1058 2118 1411 2173 confirmasse
1458 2119 1653 2173 fabula
1700 2123 1834 2173 erat.
1909 2121 2102 2189 itaque
2152 2119 2295 2173 talia

257 2192 374 2242 iam
423 2191 591 2241 antea
638 2188 739 2242 col.
778 2189 830 2241 H
863 2208 913 2243 v.
949 2196 1083 2242 1—3
1131 2192 1319 2260 posita
1366 2191 1538 2245 fuisse
1575 2190 1878 2245 verisimile
1917 2193 2016 2245 est.
2092 2191 2293 2259 Empe-

261 2259 478 2314 doclem
518 2262 706 2313 autem
741 2260 981 2314 irridens
1018 2262 1258 2330 scriptor
1295 2263 1437 2315 dicit
1471 2263 1578 2316 hoc
1614 2263 1970 2316 mendacium
1997 2264 2295 2317 honestum

237 2332 433 2384 ‘etiam
469 2331 759 2385 honestius
797 2349 932 2398 esse,
971 2334 1020 2386 si
1057 2334 1283 2388 omnino
1322 2334 1539 2387 animas
1576 2352 1677 2404 per
1712 2351 1769 2386 se
1797 2335 2142 2388 immortales
2169 2334 2294 2387 red-

261 2403 434 2456 deret.
531 2420 603 2455 an
658 2405 937 2471 ὑπήρχετο
995 2405 1353 2459 scribendum
1410 2409 1534 2459 est?
1623 2412 1686 2460 ut
1739 2407 2084 2462 mendacium
2137 2413 2296 2460 tuum

250 2482 588 2543 postremum
622 2475 899 2530 honestius
934 2476 1159 2531 initium
1194 2478 1487 2532 habiturus
1521 2484 1667 2532 esset.

408 2581 493 2635 fr.
522 2580 791 2637 XXXVI
830 2581 930 2636 col.
960 2583 988 2635 I
1007 2601 1125 2651 sqq.
1169 2583 1354 2637 adhuc
1402 2584 1472 2636 de
1520 2584 1709 2637 anima
1756 2584 1947 2654 agitur
1981 2586 2111 2653 post
2150 2575 2296 2638 mor-

263 2656 376 2706 tem
415 2668 529 2705 non
565 2655 951 2721 permanente3
988 2653 1325 2708 refelluntur
1353 2655 1528 2708 Stoici
1565 2656 1697 2708 inde
1737 2673 1771 2708 a
1805 2674 1856 2709 v.
1890 2661 1972 2709 13.

407 2723 509 2778 col.
548 2723 574 2775 I
611 2725 831 2778 ostendi
867 2725 1093 2779 videtur
1131 2728 1378 2780 animam
1415 2726 1534 2779 sine
1574 2743 1801 2796 corpore
1839 2744 1940 2795 per
1976 2744 2033 2781 se
2072 2729 2296 2795 (μονου-

262 2796 426 2864 μένη)
482 2798 699 2849 exstare
756 2813 868 2850 non
913 2814 1092 2866 posse.
1168 2798 1265 2851 cfr.
1305 2797 1408 2865 Ep.
1450 2815 1534 2865 ep.
1574 2797 1696 2851 165
1735 2797 1848 2867 (Us.
1887 2816 1941 2865 p.
1984 2804 2068 2865 21,
2100 2801 2295 2868 8sqq.)

258 2868 316 2919 et
352 2867 513 2920 Lucr.
552 2865 631 2920 HI
665 2886 717 2921 v·
746 2873 1049 2934 434—444,
1089 2873 1389 2923 565—579.

400 2955 501 3009 col.
541 2955 594 3009 H
627 2973 679 3010 v.
720 2962 894 3010 2-12
943 2956 1243 3026 Chrysippi
1291 2958 1574 3011 sententia
1620 2961 1721 3025 est,
1771 2958 1869 3012 cfr.
1904 2952 2070 3028 Diog.
2110 2957 2293 3012 Laert.

256 3024 359 3078 VII
392 3032 511 3090 157,
557 3028 758 3081 Arium
794 3027 1102 3097 Didymum
1142 3029 1381 3100 Doxogr.
1414 3048 1467 3098 p.
1499 3034 1620 3096 471,
1653 3035 1719 3083 18
1741 3047 1860 3098 sqq.
1897 3028 2052 3082 Diels
2089 3032 2195 3096 τὴν
2234 3032 2296 3084 δὲ

262 3101 447 3164 ψυχὴν
503 3102 751 3166 γενητὴν
806 3103 896 3153 καὶ
952 3104 1211 3169 φθαρτὴν
1266 3104 1524 3166 λέγουσιν
1580 3104 1679 3170 (sc.
1729 3101 1782 3155 οἱ
1835 3102 2107 3170 Στωικοί).
2191 3103 2298 3155 οὐκ

264 3168 427 3232 εὐθὺς
471 3172 534 3224 δὲ
579 3176 682 3225 τοῦ
732 3173 993 3236 σώματος
1038 3174 1449 3237 ἀπαλλαγεῖσαν
1488 3173 1826 3240 φθείρεσθαι,
1866 3173 1985 3226 ἀλλ’
2021 3174 2296 3238 ἐπιμένειν

261 3254 417 3301 τινας
459 3243 696 3307 χρόνους
742 3242 867 3296 καθ’
903 3243 1135 3309 ἑαυτήν·
1191 3246 1298 3309 τὴν
1345 3246 1447 3310 μὲν
1483 3248 1601 3297 τῶν
1639 3244 1963 3298 σπουδαίων
2002 3245 2157 3310 μέχρι
2194 3249 2297 3311 τῆς

263 3306 340 3371 εἰς
374 3314 486 3375 πῦρ
523 3314 843 3377 ἀναλύσεως
877 3320 996 3367 τῶν
1031 3315 1277 3382 πάντων,
1314 3317 1422 3381 τὴν
1461 3316 1520 3368 δὲ
1556 3320 1674 3369 τῶν
1713 3317 1984 3382 ἀφρόνων
2019 3316 2160 3381 πρὸς
2195 3333 2294 3369 πο-

261 3380 398 3443 σούς
434 3397 585 3445 τινας
619 3386 870 3451 χρόνους.
926 3386 993 3438 τὸ
1033 3387 1093 3438 δὲ
1132 3387 1409 3451 διαμένειν
1445 3387 1546 3450 τὰς
1581 3388 1765 3452 ψυχὰς
1801 3388 1983 3449 οὕτως
2019 3388 2294 3454 λέγουσιν,

262 3452 349 3504 ὅτι
386 3453 715 3517 διαμένομεν
751 3458 910 3522 ἡμεῖς
946 3460 1120 3523 ψυχαὶ
1154 3459 1446 3523 γενόμενοι
1481 3463 1585 3511 τοῦ
1632 3459 1895 3524 σώματος
1931 3459 2297 3524 χωρισθέντες

260 3525 351 3576 καὶ
389 3522 467 3586 εἰς
504 3523 717 3579 ἐλάττω
754 3530 1157 3593 μεταβαλόντες
1193 3529 1391 3583 οὐσίαν
1425 3531 1531 3595 τὴν
1567 3533 1670 3595 τῆς
1706 3533 1906 3596 ψυχῆς,
1944 3529 2045 3592 τὰς
2081 3530 2140 3582 δὲ
2179 3535 2296 3583 τῶν

261 3595 533 3660 ἀφρόνων
573 3599 660 3649 καὶ
699 3598 922 3663 ἀλόγων
958 3601 1123 3668 ζῴων
1169 3601 1353 3667 ψυχὰς
1398 3601 1849 3654 συναπόλλυσθαι
1894 3606 2012 3663 τοῖς
2057 3603 2293 3666 σώμασι.
