2693 4100
347 381 466 430 tate
513 378 747 443 moveri,
787 381 983 432 contra
1026 378 1191 432 illum
1230 379 1482 432 dicamus
1495 420 1676 434 ......
1752 378 1905 446 quod
1942 377 2256 433 coniectum
2297 383 2395 433 est

348 449 419 502 ab
458 420 769 503 Austriaci's
809 453 1031 517 ἔνερθεν
1068 453 1130 505 δὲ
1169 452 1466 518 φαίνεσθαι
1500 452 2041 534 κατηνανκασμένως
2066 451 2249 533 πᾴντα
2278 469 2391 506 κει·

345 526 557 575 νεῖσθαι
592 521 688 575 vix
722 525 941 574 rectum
979 539 1097 575 esse
1134 524 1339 589 potest,
1380 521 1546 590 quod,
1586 522 1842 589 quamvis
1871 521 2107 575 dubium
2135 522 2210 575 sit
2247 540 2388 590 qua·

345 592 459 645 lem
495 595 711 645 motum
749 593 923 647 atomi
950 591 1260 646 Democriti
1296 610 1400 661 per
1431 610 1489 646 se
1517 592 1784 659 habeant,
1820 592 1882 645 id
1910 593 2139 660 quidem
2167 597 2391 647 certum

347 668 450 730 est,
488 680 680 718 omnes
719 667 935 718 atomos
975 682 1243 718 sursum
1279 664 1415 718 ferri
1455 682 1580 717 eum
1617 681 1729 719 non
1766 664 2070 733 putavisse.
2145 666 2389 733 accedit,

346 735 498 805 quod
537 735 820 788 sententia
858 736 1217 790 antecedenti
1252 735 1534 806 Diogenes
1573 736 1955 790 adversarium
1991 735 2157 806 fingit
2194 737 2393 789 (110011-

344 809 478 872 tem,
509 807 711 860 atomis
741 807 983 861 liberum
1009 808 1226 861 motum
1253 824 1368 860 non
1394 808 1578 860 inesse
1606 809 1891 876 propter
1918 806 2382 874 collisionem,

343 879 382 933 i.
422 896 468 933 e.
508 880 660 946 quod
707 879 881 932 atomi
926 879 1077 932 inter
1122 897 1179 932 se
1227 877 1456 932 collisae
1504 881 1715 932 certam
1761 879 1822 931 in
1866 878 2018 931 viam
2063 880 2389 946 trudantur,

347 951 482 1004 dum
517 951 724 1003 iterum
763 951 834 1003 ad
874 949 1016 1003 alias
1055 949 1383 1018 allidantur,
1437 951 1754 1019 iterumque
1803 948 1975 1003 aliam
2010 951 2161 1004 viam
2197 950 2385 1004 facere

345 1025 633 1092 cogantur.
717 1021 826 1074 hac
870 1021 1049 1092 igitur
1091 1023 1153 1075 in
1197 1039 1256 1074 re
1310 1023 1358 1076 si
1415 1022 1663 1075 cernitur
1715 1022 2049 1088 necessitas,
2103 1023 2388 1090 quomodo

346 1094 628 1148 sententia
682 1094 939 1163 proxima
995 1093 1109 1146 (1101
1163 1095 1353 1162 potest
1399 1092 1588 1147 omnia
1632 1093 1967 1146 necessitate
2015 1096 2238 1161 ἔνερθεν
2277 1111 2387 1148 κει-

342 1170 571 1231 νεῖσθαι,
610 1166 667 1217 013
702 1164 981 1231 quomodo
1017 1181 1163 1218 nova
1198 1164 1338 1218 haec
1376 1164 1677 1218 affirmatio
1710 1164 1886 1234 priori
1922 1181 2054 1218 voce
2084 1168 2145 1220 δέ
2174 1164 2386 1235 opponi

388 1237 571 1290 otest?

347 1255 387 1306 p
488 1307 588 1360 001.
618 1307 697 1360 ΠΙ
732 1325 784 1362 v.
814 1313 952 1360 3—7
992 1306 1091 1361 cfr.
1130 1305 1242 1360 Cic.
1282 1307 1352 1360 de
1388 1309 1506 1360 nat.
1546 1307 1694 1360 deor.
1733 1306 1873 1374 125,
1895 1310 1961 1358 69
2016 1305 2132 1376 (Us.
2170 1306 2237 1360 fr.
2277 1311 2383 1360 281

342 1384 569 1449 p.201‚
619 1380 706 1447 15)
769 1380 1056 1446 Epicwrus
1107 1379 1318 1433 invenit
1373 1380 1637 1447 quomodo
1692 1380 2058 1433 necessitatem
2111 1379 2389 1449 effuqeret,

342 1450 490 1520 quod
521 1450 770 1504 videlicet
803 1450 1178 1504 Democritum
1223 1451 1476 1520 fuqerat:
1537 1452 1622 1504 ait
1665 1457 1932 1517 atomwn,
1978 1467 2100 1504 cum
2139 1450 2385 1518 pondere

343 1530 395 1577 et
427 1523 699 1591 yravitate
743 1522 950 1576 derecto
1000 1521 1222 1574 deorsus
1271 1522 1505 1588 feratur,
1551 1522 1823 1575 declinare
1851 1520 2188 1589 paullulum.
2262 1519 2386 1574 sola

344 1592 721 1647 declinatione
770 1593 1082 1646 atomorum
1128 1591 1367 1645 liberam
1411 1592 1761 1646 voluntatem
1799 1592 2009 1646 servari
2046 1591 2188 1645 dicit
2221 1592 2384 1646 Lucr.

482 1753 534 1789 v.
566 1740 600 1789 8
656 1735 935 1803 quomodo
991 1733 1270 1803 Epicurus
1328 1733 1763 1788 declinationem
1819 1736 2131 1788 atomorum
2186 1752 2252 1788 ex
2299 1735 2386 1788 eis

341 1806 508 1861 rebus
546 1824 691 1875 quae
731 1806 908 1859 oculis
942 1806 1209 1860 videntur
1244 1805 1594 1875 probaverit,
1644 1806 1924 1860 nescimus
1964 1806 2095 1877 (nisi
2131 1805 2274 1860 forte
2312 1825 2384 1858 ex

342 1878 469 1947 ipsa
523 1877 703 2002 Ilibera
755 1878 1073 1943 voluntate,
1130 1895 1300 1946 quam
1357 1849 1696 1932 animalibus
1751 1877 1934 1931 inesse
1991 1880 2226 1947 apparet
2280 1877 2382 1932 cfr.

341 1950 501 2003 Lucr.
610 1952 677 2018 c)

484 2026 787 2076 v.1o—14
843 2019 940 2074 cfr.
983 2020 1075 2074 Us.
1113 2020 1179 2075 fr
1221 2025 1325 2075 378
1378 2022 1554 2076 καίτοι
1610 2023 1642 2075 ὁ
1700 2022 1799 2088 μὲν
1849 1984 2169 2089 Ἐπίκουρος
2224 2022 2385 2088 ἁμῶς

343 2096 407 2159 γέ
446 2111 567 2158 πως
604 2095 906 2160 στρέφεται
953 2096 1042 2146 καὶ
1091 2096 1406 2160 φιλοτεχνεῖ
1451 2098 1553 2160 τῆς
1598 2093 1776 2147 ἀιδίου
1816 2093 2089 2159 κινήσεως
2126 2095 2382 2160 μηχανώ-

345 2183 510 2232 μενος
545 2167 917 2231 ἐλευθερῶσαι
954 2168 1046 2220 καὶ
1082 2165 1359 2219 ἀπολῦσαι
1395 2166 1462 2217 τὸ
1501 2166 1759 2218 ἑκούσιον
1796 2166 1937 2231 ὑπὲρ
1975 2170 2077 2218 τοῦ
2112 2167 2185 2230 μὴ
2216 2182 2384 2219 κατα-

342 2241 516 2291 λιπεῖν
556 2238 900 2302 ἀνέγκλητον
936 2238 1042 2301 τὴν
1081 2236 1289 2290 κακίαν.

485 2343 568 2397 fr.
597 2341 866 2397 XXXIV
911 2341 1189 2395 intramus
1239 2341 1301 2394 in
1349 2343 1522 2411 caput
1567 2341 1636 2393 de
1682 2342 1838 2394 metu
1873 2295 2089 2395 mortis.
2162 2343 2383 2412 pugnat

344 2415 585 2483 scriptor
631 2414 825 2466 contra
871 2429 964 2466 eos
1017 2413 1116 2480 qui
1163 2413 1412 2466 animam
1456 2413 1588 2481 post
1630 2413 1868 2466 mortem
1914 2429 2237 2482 permanere
2275 2431 2382 2481 pu-

339 2488 469 2539 tant
506 2487 563 2538 et
597 2485 694 2538 hic
728 2485 970 2537 maxime
1009 2486 1205 2537 contra
1242 2500 1354 2551 008,
1393 2483 1597 2552 quibus
1638 2501 1705 2536 ex
1744 2483 1855 2538 0110
1892 2484 1953 2537 111
1992 2483 2148 2536 aliud
2177 2500 2378 2552 corpus

340 2558 742 2681 tragismigrare
782 2556 1028 2609 animam
1073 2556 1287 2625 placet,
1336 2554 1719 2626 Pythagoram
1766 2557 1823 2608 et
1860 2554 1946 2623 (fr.
1985 2554 2209 2624 XXXV)
2248 2554 2381 2608 Em-

341 2647 411 2698 pe
455 2645 520 2682 oc
545 2646 649 2681 em.

484 2735 568 2789 fr.
599 2733 834 2789 XXXV
873 2733 976 2789 col.
1013 2734 1056 2800 Ι,
1093 2733 1144 2786 Π
1192 2733 1530 2787 sententiam
1574 2732 1721 2786 hanc
1760 2750 1879 2786 esse
1916 2735 2081 2803 puto:
2139 2734 2380 2802 scriptor

340 2806 554 2859 refutat
597 2805 954 2874 Empedoclis
1011 2806 1373 2871 sententiam,
1430 2805 1529 2874 qui
1587 2804 1804 2857 animas
1852 2821 1917 2856 ex
1965 2804 2076 2857 alio
2122 2805 2182 2857 in
2221 2805 2377 2858 aliud

343 2877 554 2932 animal
599 2877 838 2931 transire
887 2877 1075 2943 docet,
1124 2893 1250 2929 cum
1297 2876 1441 2930 dicit
1487 2876 1730 2942 animas,
1784 2875 1830 2928 si
1869 2893 1937 2928 ex
1974 2876 2085 2930 0110
2122 2877 2183 2929 111
2221 2876 2377 2930 aliud

342 2949 553 3004 animal
589 2949 898 3016 transeant,
934 2964 1160 3001 necesse
1199 2965 1318 3001 esse
1358 2949 1530 3001 etiam
1568 2965 1668 3016 per
1705 2965 1763 3000 se
1799 2947 1945 3000 solas
1971 2948 2158 3001 vivere
2184 2965 2375 3017 posse3

342 3038 406 3075 eo
445 3021 596 3073 enim
632 3021 756 3090 ipso
794 3022 1071 3089 tempore,
1116 3036 1243 3072 cum
1278 3021 1589 3085 transeant,
1628 3036 1722 3072 eas
1760 3034 1987 3088 corpore
2028 3019 2240 3073 solutas
2274 3036 2377 3089 per

344 3111 400 3146 80
440 3091 586 3146 solas
614 3092 815 3145 vivere.
873 3108 1006 3144 nam
1036 3091 1083 3143 si
1111 3089 1478 3159 Empedocles
1515 3091 1588 3143 118
1625 3089 1724 3144 1110
1760 3090 2090 3143 transeundi
2124 3093 2377 3159 tempore

342 3163 601 3217 animalis
639 3166 900 3216 naturam
937 3179 1049 3216 non
1087 3162 1389 3227 attribuat,
1443 3179 1563 3215 rem
1609 3162 1729 3215 eius
1767 3159 2166 3231 (Empedoclis)
2203 3162 2376 3215 etiam

340 3235 502 3305 peius
551 3252 607 3288 se
654 3233 861 3287 habere
898 3237 969 3301 (v.
1004 3238 1158 3288 1—6.
1231 3232 1469 3287 fortasse
1514 3234 1631 3286 iam
1679 3235 1847 3285 antea
1901 3234 2218 3286 accuratius
2268 3234 2376 3286 hac

342 3308 410 3360 de
447 3323 507 3358 re
543 3306 765 3360 locutus
805 3306 924 3374 est).
1001 3305 1089 3358 sin
1127 3306 1316 3357 autem
1355 3305 1576 3357 animae
1614 3304 1869 3372 quolibet
1909 3304 2075 3357 modo
2114 3303 2375 3358 animalis

339 3379 601 3432 naturam
648 3377 766 3429 sine
815 3392 1041 3444 corpore
1086 3374 1302 3429 habent
1337 3406 1404 3417 —
1443 3393 1576 3429 nam
1623 3375 1812 3443 aliquo
1858 3375 2024 3428 modo
2072 3393 2166 3429 eas
2216 3376 2375 3429 illam

338 3451 601 3503 naturam
645 3447 852 3501 habere
889 3464 1115 3500 necesse
1162 3449 1249 3501 est
1285 3478 1372 3514 —‚
1428 3464 1528 3501 cur
1561 3446 1960 3515 Empedoclem
1996 3449 2120 3500 tum
2157 3448 2374 3500 animas

342 3538 408 3574 ex
464 3520 576 3574 alio
631 3521 693 3573 in
748 3519 905 3572 aliud
960 3517 1172 3573 animal
1222 3519 1624 3573 transducere?
1679 3521 1750 3588 (v.
1781 3520 1993 3586 6—14).
2070 3521 2170 3571 aut
2224 3519 2374 3572 enim
