2693 4100
1007 307 1072 315 —
1147 274 1537 331 XXXVII—

385 445 498 509 col.
525 444 558 503 Ι
598 447 654 504 9.
717 445 947 520 primus
982 444 1167 505 habet
1201 444 1526 507 secundum
1559 445 1752 504 lexica
1795 444 1968 513 Philo
2006 444 2293 520 Judaeus,

387 533 598 599 deinde
656 533 1054 595 Nicomachus
1124 534 1364 605 arithm.
1427 533 1576 611 isag.
1621 533 1685 592 H
1734 535 1800 608 6,
1852 537 1887 592 2
1902 578 1920 608 ,
1984 531 2289 611 Origenes,

391 621 714 701 Gregorius
742 623 1170 698 NazianzenuS,
1207 623 1565 685 Eustathius
1594 623 1778 701 epigr.
1816 622 2016 698 adesp.
2055 623 2290 685 Antho-

385 712 584 789 logiae
630 713 778 786 445,
825 711 948 770 alii.

247 796 654 877 τύφλωσις
708 802 780 859 fr.
819 799 982 859 LXX
1036 801 1145 859 col.
1182 800 1215 859 I
1255 802 1310 859 9.
1404 804 1692 862 notantur
1758 804 1941 861 testes
2011 801 2291 869 vocabuli

387 890 744 957 scholiastae
792 892 853 949 et
898 890 1215 967 scriptores
1262 889 1438 956 valde
1482 893 1766 949 recentes,
1858 893 2113 966 scriptor
2157 890 2291 949 vul-

389 981 553 1057 garis
599 979 885 1038 sermonis
932 979 1203 1041 Aristeas
1250 979 1505 1038 libenter
1549 981 1742 1038 utitur
1785 980 2009 1039 talibus
2046 979 2289 1043 vocibus

388 1069 452 1126 in
498 1079 691 1142 -ωσις
739 1068 1150 1128 desinentibus
1197 1060 1541 1148 (θύμῳσις,
1598 1065 1957 1142 κόλπωσις,
2006 1065 2290 1143 λίθωσις,

387 1153 782 1231 πετάλωσις,
833 1152 1188 1232 ῥάβδωσις,
1232 1159 1336 1216 cfr.
1376 1156 1843 1217 Wendlandium
1878 1179 1936 1234 p.
1970 1149 2145 1238 222).

800 1371 877 1429 ΙΙ.
941 1369 1303 1431 Vocabula
1351 1371 1744 1447 ,‚poetica“.

248 1508 757 1590 ἁβροδίαιτος
794 1515 866 1572 fr.
897 1513 1102 1572 XXIII
1138 1514 1247 1573 col.
1275 1514 1339 1573 II
1369 1515 1426 1573 8.
1500 1514 1861 1574 vocabulum
1898 1534 1967 1573 ex
2005 1513 2291 1590 Aeschyli

387 1602 585 1663 Persis
615 1605 694 1662 41
729 1606 939 1663 notum
965 1606 1219 1679 usurpat
1255 1606 1497 1678 praeter
1523 1603 1854 1680 Philonem,
1882 1602 2289 1674 Plutarchum,
2393 1611 2402 1621 ‘

386 1690 766 1755 Athenaeum
813 1691 994 1750 semel
1040 1693 1162 1751 iam
1210 1691 1606 1767 Thucydides

249 1775 704 1855 ἀμαύρωσις
750 1783 822 1841 fr.
851 1780 1012 1839 LXX
1058 1783 1167 1843 col.
1197 1781 1229 1839 I
1260 1783 1315 1840 7.
1408 1782 1481 1840 de
1530 1781 1695 1843 exitu
1734 1792 1925 1855 -ωσις
1963 1782 2068 1839 cfr.
2106 1799 2291 1856 supra

389 1889 433 1928 s,
462 1890 517 1929 v.
565 1867 921 1945 τύφλωσις.
987 1889 1103 1931 vox
1148 1872 1296 1946 ipsa,
1334 1890 1519 1946 quam
1556 1871 1737 1930 habet
1771 1873 1896 1929 iam
1933 1870 2292 1931 Aristoteles

326 2004 331 2009 .
389 1959 460 2016 de
508 1959 709 2024 anima
755 1959 786 2017 I
816 1963 883 2033 4,
931 1962 1245 2035 praeterea
1289 1959 1675 2034 PlutarchuS,
1721 1958 2127 2033 Dioscorides,
2177 1957 2292 2017 Ga-

275 2092 280 2097 .
387 2049 585 2125 lenuS,
631 2048 696 2107 in
743 2047 1106 2112 Graecorum
1149 2050 1318 2126 poesi
1365 2068 1669 2110 occurrere
1716 2069 1837 2109 non
1880 2047 2143 2123 videtur,
2192 2047 2294 2107 sed

389 2138 752 2200 adiectivum
799 2134 1090 2214 ἀμαυρός
1136 2131 1376 2214 poetica
1417 2158 1531 2200 vox
1578 2143 1684 2214 est,
1732 2158 1885 2215 quae
1933 2138 2098 2213 apud
2131 2138 2291 2196 Atti·

387 2228 570 2301 cistas
606 2229 914 2294 invenitur
951 2221 1085 2309 (cfr.
1126 2228 1372 2288 Schmid
1406 2229 1445 2286 l.
1477 2246 1524 2287 c.
1555 2228 1642 2286 IV
1669 2249 1727 2304 p.
1760 2229 1840 2287 67
1849 2220 1938 2309 3)
1966 2227 2071 2287 sed
2108 2227 2292 2293 etiam

387 2316 451 2374 in
499 2317 745 2392 papyris
794 2309 927 2398 (cfr.
974 2318 1215 2393 Mayser
1253 2316 1517 2376 Gramm.
1555 2318 1611 2376 d.
1644 2319 1855 2391 yriech.
1891 2317 2040 2390 Pap.
2087 2337 2150 2392 Ρ
2178 2308 2292 2396 25)

384 2408 449 2465 et
495 2405 655 2482 apud
700 2406 1105 2480 Plutarchum,
1151 2411 1221 2465 ut
1267 2425 1400 2466 eam
1444 2407 1568 2466 iam
1613 2406 1676 2465 in
1713 2406 2027 2484 vulgarem
2072 2424 2290 2472 sermo·

384 2514 524 2553 nem
569 2498 873 2572 receptam
919 2514 1045 2554 esse
1093 2497 1399 2571 appareat.
1466 2498 1604 2554 ante
1651 2494 2041 2554 Aristotelem
2084 2513 2292 2556 vocem

386 2578 680 2658 ἀμαυρός
718 2584 900 2643 habet
925 2603 1132 2656 rursus
1160 2585 1321 2644 solus
1351 2584 1681 2659 Xenophon
1710 2576 1842 2664 (cfr.
1874 2603 2055 2658 supra
2084 2578 2290 2656 κάσος

385 2676 450 2732 et
486 2665 821 2756 περαιόω).
892 2669 1201 2748 ἀμαυρόω
1239 2676 1478 2749 praeter
1514 2673 1848 2748 Polybium,
1885 2672 2291 2745 Plutarchum,

384 2761 797 2838 Aristotelem,
843 2763 1299 2838 Xenophontem
1335 2763 1520 2828 etiam
1567 2762 1643 2821 ab
1680 2761 1984 2822 Herodoto
2034 2764 2095 2821 et
2139 2761 2288 2837 Hip·

386 2854 631 2926 pocrate
697 2851 1031 2911 adhibetur.
1139 2852 1394 2910 fortasse
1456 2870 1565 2926 per
1625 2852 1801 2911 Iones
1873 2854 1944 2910 ut
2005 2850 2289 2926 pleraque

288 2991 293 2997 .
387 2938 609 3014 κοινῆς
666 2941 911 3017 propria
965 2942 1054 2999 ita
1109 2941 1255 3000 haec
1304 2960 1421 3000 vox
1468 2939 1775 3015 „poetica“
1822 2939 2135 3016 divulgata
2183 2943 2290 2998 est.

384 3034 678 3104 quantum
736 3029 909 3090 Iones
966 3030 1043 3088 ad
1108 3030 1342 3106 copiam
1397 3048 1609 3088 vocum
1663 3026 2120 3105 p„o,eticarum“
2168 3047 2290 3103 qua

386 3118 736 3193 posterioris
793 3120 1009 3178 aetatis
1065 3137 1258 3178 sermo
1317 3118 1612 3193 abundat,
1669 3116 2059 3193 contulerint,
2117 3115 2289 3175 docet

389 3207 621 3265 Thumb
689 3207 918 3270 Griech.
980 3207 1240 3281 Spraohe
1312 3211 1350 3266 i.
1417 3208 1692 3267 Zeitalter
1763 3208 1819 3266 d.
1893 3161 2289 3272 Helle’mismus

386 3316 444 3371 p.
477 3297 755 3372 2lsssqq.

56 3339 92 3402 γ·
180 3347 185 3352 .
249 3378 603 3459 ἄπλατος
649 3387 719 3444 fr.
761 3386 1013 3445 XXXIX
1068 3387 1177 3446 col.
1214 3385 1248 3445 I
1288 3388 1367 3444 12
1427 3405 1572 3448 num
1624 3384 1833 3446 Attica
1877 3405 1992 3446 vox
2048 3362 2155 3444 sit
2177 3403 2286 3459 pro

387 3474 628 3552 vulgari
692 3471 1000 3550 ἄπλετος,
1067 3475 1226 3551 quod
1298 3474 1520 3534 Moeris
1583 3476 1844 3542 testatur
1906 3476 1967 3532 et
2040 3472 2291 3533 Oronert

390 3564 570 3622 Mem.
626 3564 948 3626 Herculum.
1004 3585 1062 3640 p.
1106 3566 1230 3628 102
1290 3563 1640 3623 confirmare
1687 3563 1914 3639 studet,
1961 3562 2137 3629 valde
2182 3562 2288 3620 du-

389 3650 558 3712 bium
605 3656 710 3715 est.
783 3653 1007 3713 habent
1052 3653 1211 3713 enim
1256 3656 1493 3712 vetusta
1541 3655 1738 3715 aetate
1784 3652 1900 3712 soli
1944 3653 2175 3728 poetae,
2219 3654 2289 3710 ut
