2693 4100
1118 214 1503 269 ..vn-

294 390 358 445 et
388 404 664 444 versuum
700 404 946 444 numero
983 386 1048 443 in
1083 404 1266 443 unam
1303 385 1643 444 columnam
1681 385 2130 445 coniunctorum
2175 389 2338 445 inter

294 494 358 534 se
422 475 674 534 differre.
781 477 1240 533 consentaneum
1303 475 1493 552 igitur
1557 478 1685 533 erat
1750 474 1971 534 similia
2036 475 2330 534 similibus

299 563 636 642 adiungere.
718 563 830 622 hac
878 566 1076 621 autem
1122 564 1184 621 in
1232 582 1296 621 re
1341 563 1495 621 illud
1532 566 1791 640 primum
1839 563 2332 643 considerandum

298 656 404 727 est,
450 673 687 711 murum
730 653 921 726 illum,
968 653 1032 710 in
1079 671 1196 728 quo
1243 654 1556 729 inscriptio
1593 654 1784 711 incisa
1822 655 1968 727 erat,
2014 653 2329 713 verisimil-

282 743 508 821 limum
556 761 680 801 esse
735 762 855 801 non
911 742 1000 800 ita
1047 741 1427 800 aedificatum
1472 741 1672 816 fuisse,
1719 745 1787 800 ut
1833 743 2054 819 singuli
2100 742 2329 819 lapides

297 832 631 907 promiscue
688 834 750 889 et
803 830 1046 890 confuse
1105 830 1275 889 nulla
1328 832 1765 908 magnitudinis
1831 851 2034 891 eorum
2098 833 2331 891 ratione

296 920 506 979 habita
559 920 714 980 alius
773 921 942 979 iuxta
998 921 1183 978 alium
1239 923 1299 978 et
1355 939 1535 995 supra
1590 920 1771 996 positi
1828 923 2047 994 essent,
2106 920 2209 980 sed
2262 924 2331 978 ut

302 1009 409 1067 alii
437 1009 632 1067 ordini
669 1028 856 1084 aeque
896 1010 1017 1067 fere
1056 1028 1408 1086 magnorum
1438 1008 1707 1085 lapidum
1746 1009 1901 1067 alius
1937 1012 2108 1068 iuxta
2145 1009 2331 1068 alium

294 1100 626 1173 positorum
671 1098 825 1158 alius
874 1099 1018 1156 ordo
1056 1099 1373 1174 impositus
1410 1100 1564 1157 esset
1600 1097 1817 1156 iterum
1855 1098 2198 1175 aequalium
2244 1099 2329 1158 la-

295 1188 518 1263 pidum.
621 1190 801 1262 atque
855 1187 1085 1263 lapides
1141 1187 1299 1245 alius
1353 1187 1525 1245 iuxta
1580 1186 1766 1245 alium
1819 1189 2079 1246 iacentes
2123 1206 2332 1247 revera

295 1277 416 1335 fere
464 1278 741 1352 aequales
786 1276 971 1336 fuisse
1017 1278 1113 1335 vel
1151 1295 1219 1334 ex
1257 1296 1326 1335 eo
1366 1279 1634 1352 apparet,
1680 1276 1841 1351 quod
1876 1276 2054 1334 multi
2099 1276 2331 1353 lapides

294 1368 404 1440 qui
448 1366 583 1440 pari
626 1365 1039 1444 magnitudine
1086 1367 1245 1439 sunt,
1293 1366 1540 1424 eandem
1585 1384 1713 1423 rem
1758 1367 2040 1439 tractant,
2079 1367 2181 1424 cfr.
2220 1368 2329 1424 im-

294 1455 504 1530 primis
553 1456 713 1531 apud
751 1454 898 1513 Heb.
940 1457 999 1512 et
1036 1454 1168 1513 Kal.
1217 1456 1319 1512 frr.
1353 1456 1615 1514 60—84
1645 1458 1704 1512 et
1734 1456 2017 1528 40—45,
2048 1455 2331 1529 48—50,

295 1544 560 1602 52—54
610 1535 799 1624 (apud
845 1564 938 1602 me
982 1545 1083 1601 frr.
1114 1543 1677 1618 XXIH—-XXXIX,
1704 1542 1842 1601 XLI
1878 1546 1939 1601 et
1975 1544 2046 1601 fr.
2076 1543 2330 1618 III—X,

292 1632 461 1707 xm,
500 1632 658 1707 XIV,
698 1626 852 1713 XX).
941 1632 1148 1708 itaque
1202 1633 1465 1708 primum
1522 1633 1723 1691 omnia
1786 1634 2126 1710 fragmenta
2195 1652 2329 1691 0011-

294 1720 594 1798 iungenda
631 1725 789 1796 sunt,
837 1723 1051 1798 quibus
1090 1740 1285 1797 aequa
1330 1721 1589 1780 altitudo
1636 1724 1744 1780 est.
1816 1740 1956 1780 nam
2004 1741 2141 1781 cum
2179 1721 2329 1781 eius-

296 1810 428 1869 dem
477 1810 700 1870 ordinis
747 1811 1006 1886 lapides,
1050 1814 1121 1869 ut
1164 1811 1341 1870 modo
1389 1810 1540 1886 dixi,
1591 1811 1798 1869 eadem
1841 1811 1964 1869 fere
2011 1809 2329 1870 altitudine

296 1900 480 1958 fuisse
528 1900 884 1959 credendum
931 1901 1028 1975 sit,
1079 1918 1283 1959 rursus
1329 1900 1559 1977 lapides
1606 1899 1710 1974 qui
1757 1900 1965 1958 eadem
2012 1899 2329 1959 altitudine

294 1992 458 2064 sunt,
505 1990 756 2048 fortasse
795 1989 871 2047 ad
908 1989 1157 2048 eundem
1202 1989 1471 2047 ordinem
1508 1988 1825 2066 pertinent,
1872 1991 1931 2048 et
1978 1990 2031 2047 si
2078 1988 2155 2047 ad
2190 2008 2330 2048 eun-

295 2079 428 2136 dem
475 2079 769 2153 ordinem,
816 2080 1068 2138 fortasse
1125 2079 1309 2138 etiam
1357 2079 1434 2137 ad
1478 2078 1637 2137 idem
1682 2080 1986 2155 scriptum.
2077 2080 2330 2139 fortasse

294 2167 446 2241 dice,
510 2186 652 2226 nam
714 2168 845 2226 fieri
907 2170 1132 2243 potest,
1195 2171 1266 2226 ut
1329 2171 1390 2228 et
1453 2168 1784 2243 complures
1849 2169 2085 2227 ordines
2142 2187 2329 2244 aeque

296 2275 544 2332 magnos
581 2257 900 2315 habuerint
936 2257 1165 2333 lapides
1204 2259 1263 2317 et
1299 2258 1366 2315 in
1404 2256 1608 2317 eodem
1643 2256 1912 2333 lapidum
1938 2258 2144 2318 ordine
2175 2276 2328 2317 com-

294 2347 471 2422 plura
525 2347 748 2421 scripta
802 2345 991 2406 incisa
1046 2347 1285 2405 fuerint.
1360 2346 1470 2405 1100
1524 2347 1714 2424 igitur
1768 2347 1941 2406 modo
1978 2347 2147 2405 nobis
2194 2366 2330 2423 pro-

294 2435 689 2512 grediendum
714 2454 840 2494 esse
869 2435 1127 2509 videtur,
1164 2437 1232 2493 ut
1259 2436 1521 2510 primum
1550 2454 1751 2494 omnes
1779 2435 2008 2510 lapides
2042 2436 2323 2511 aequales

295 2523 752 2602 coniungamus,
799 2524 1012 2583 deinde
1061 2526 1261 2583 autem
1300 2544 1371 2581 ex
1410 2527 1759 2603 argumento
1798 2523 2051 2598 aliisque
2089 2524 2327 2582 indiciis

292 2612 561 2690 singulos
609 2617 713 2671 aut
759 2614 948 2672 artius
995 2616 1373 2672 conectamus
1419 2616 1527 2671 aut
1572 2612 1989 2670 discernamus.

434 2701 736 2770 Quattuor
790 2705 989 2761 autem
1044 2703 1097 2761 si
1151 2702 1229 2761 ad
1276 2701 1654 2760 altitudinem
1702 2704 1933 2777 spectas
1980 2720 2199 2778 genera
2245 2702 2328 2759 la-

294 2791 503 2865 pidum
531 2791 953 2868 distinguenda
980 2794 1135 2850 sunt.
1183 2811 1371 2849 unum
1407 2793 1499 2850 est
1535 2810 1755 2865 eorum,
1795 2809 2045 2866 quorum
2082 2790 2330 2849 minima

298 2880 555 2939 altitudo
612 2883 702 2938 est
758 2882 838 2940 56
881 2899 998 2953 cm,
1054 2880 1315 2939 maxima
1373 2882 1454 2939 62
1496 2898 1614 2953 cm3
1680 2879 1758 2938 ad
1814 2878 1974 2954 quod
2028 2881 2331 2953 pertinent

296 2967 444 3027 Heb.
494 2972 557 3027 et
600 2968 733 3028 Kal.
782 2970 882 3027 frr.
917 2972 1130 3027 60—‘7
1141 2971 1197 3043 5,
1249 2971 1349 3042 77,
1391 2970 1651 3027 80—83
1712 2959 1972 3048 (lapides
2021 2971 2329 3043 corruptos

260 3105 266 3111 .
300 3058 451 3116 alias
491 3058 567 3116 ob
606 3077 812 3117 causas
849 3059 965 3116 huc
994 3058 1089 3117 vel
1125 3059 1271 3116 illuc
1307 3057 1670 3117 revocandos
1707 3075 1865 3115 nunc
1910 3076 2030 3115 non
2078 3075 2328 3114 comme-

296 3140 512 3226 moro),
561 3149 842 3221 37-39,
889 3149 993 3221 46,
1042 3148 1332 3221 55—56,
1385 3147 1492 3220 28,
1552 3149 1630 3205 29
1693 3138 2328 3227 (s1·r.XX111—XXX‚

297 3235 573 3311 XXXIII,
618 3236 888 3309 XXXIV,
935 3236 1156 3293 XXXV
1194 3237 1302 3295 col.
1330 3235 1412 3310 H,
1458 3234 2068 3310 XXXVI—XXXIX,
2105 3234 2328 3308 XVIII,

296 3324 455 3398 XIX,
501 3324 658 3399 XXI,
696 3325 884 3399 XXII,
922 3325 1105 3399 XXV,
1142 3324 1328 3399 LVII,
1367 3316 1615 3408 LVIII).
1709 3325 1963 3383 alterum
2009 3343 2193 3401 genus
2241 3328 2330 3383 est

294 3432 503 3472 eorum
559 3433 811 3490 quorum
855 3414 1091 3473 minimi
1147 3415 1228 3472 46
1272 3433 1382 3488 cm,
1428 3414 1675 3472 maximi
1726 3415 1810 3473 50
1849 3432 1939 3471 0111
1996 3412 2108 3472 alti
2164 3417 2328 3485 sunt3

296 3502 373 3559 ad
449 3503 610 3576 quod
681 3504 983 3578 pertinent
1053 3503 1156 3561 frr.
1215 3504 1498 3576 41—43,
1547 3504 1649 3576 45,
1708 3503 1989 3577 48-50,
2049 3503 2329 3575 52—54,

299 3592 583 3667 57—59,
615 3593 672 3665 2,
705 3593 806 3665 26,
840 3593 895 3667 5,
927 3593 985 3666 8,
1020 3594 1298 3667 15—16,
1333 3592 1591 3649 18—19
1642 3583 1772 3672 (frr.
1802 3590 1850 3666 I,
1878 3590 1956 3664 II,
1985 3590 2329 3664 IV-VIII,
