2693 4100
1124 315 1191 323 --
1265 283 1549 338 XXXVIII
1624 316 1691 324 —

391 458 416 492 ·'
522 451 714 527 Pina,
763 451 960 528 Soph.,
1007 452 1213 527 Eurip.
1262 444 1559 534 (Xenoph.
1599 453 1768 512 anab.
1810 456 1869 529 4,
1902 457 1979 513 11
2022 454 2181 517 solus
2220 455 2345 514 cod.
2376 454 2429 512 F

480 572 485 579 ·
528 535 846 614 ἄπλατος,
904 543 1087 601 ceteri
1140 541 1417 601 meliores
1473 535 1813 623 ἄπλετος),
1871 546 2082 602 contra
2144 562 2286 602 voce
2352 538 2422 602 ἄ-

527 628 765 704 πλετος
811 633 1065 689 utuntur
1110 634 1351 707 praeter
1403 631 1641 690 eosdem
1686 634 1894 707 poetas
1940 631 2179 706 Herod,
2232 633 2423 703 Xeno·

524 719 685 795 phon
744 716 810 799 (1.
850 712 947 801 c.)‚
1000 718 1205 794 Plato,
1251 719 1504 779 Aristot.
1593 723 1920 780 recentiore
1975 723 2177 780 autem
2229 723 2429 780 aetate

526 811 589 866 in
628 808 1015 884 scriptoribus
1052 808 1427 885 pedestribus
1463 829 1583 868 non
1621 810 1815 869 solum
1854 805 2137 884 ἄπλετος
2167 802 2429 891 (Polyb,

525 897 642 956 Dio
704 896 936 974 Chrys,
991 897 1307 972 AelianuS,
1361 890 1691 981 Lucianus)
1748 899 1849 958 sed
1905 899 2087 958 etiam
2134 894 2430 973 ἄπλατος

527 988 849 1061 invenitur,
878 988 983 1047 cfr.
1017 986 1264 1046 Cronert
1300 988 1340 1048 l.
1372 1007 1439 1061 c.‚
1478 987 1582 1064 qui
1609 1006 1680 1045 ex
1707 986 1885 1062 LXX,
1924 991 2188 1065 papyris,
2227 988 2427 1047 Philo·

394 1111 401 1123 .
526 1075 724 1150 demo,
781 1076 1073 1150 Diodor0,
1128 1076 1308 1137 schol.
1365 1076 1565 1153 Apoll.
1619 1076 1809 1136 Rhod.
1869 1069 1967 1158 (3,
2007 1081 2085 1136 41
2140 1072 2426 1138 ἀπλατο-

526 1158 872 1245 μεγέθεις),
917 1164 1249 1241 Porphyrio
1304 1167 1576 1241 exempla
1632 1166 1830 1238 affert,
1877 1166 1952 1226 ad
1999 1185 2151 1242 quae
2200 1166 2434 1226 accedit

525 1255 863 1330 exemplum
891 1253 1365 1314 recentissimum
1393 1255 1661 1315 Eudocia
1687 1254 2006 1314 Macremb.
2028 1248 2185 1335 (222
2219 1251 2427 1315 ἀπλα-

524 1335 925 1425 τομεγέθης).
1026 1343 1163 1403 inde
1219 1363 1293 1402 ne
1351 1339 1641 1418 ἄπλατος
1690 1345 1929 1420 quidem
1974 1346 2040 1404 in
2086 1344 2428 1403 Atticorum

525 1450 794 1492 sermone
847 1434 1032 1492 fuisse
1086 1431 1351 1508 videtur,
1405 1434 1508 1493 sed
1562 1435 1626 1491 in
1670 1436 1985 1509 poetarum
2029 1436 2265 1493 tantum
2314 1453 2432 1494 usu

523 1523 806 1599 viguisse,
840 1517 1127 1595 ’ἄπλετος
1166 1524 1370 1581 autem
1415 1522 1624 1582 Ionica
1659 1541 1774 1580 vox
1811 1523 2014 1597 fuisse,
2051 1542 2205 1598 quae
2244 1524 2426 1581 etiam

523 1609 590 1668 in
627 1612 989 1686 scriptorum
1024 1631 1147 1671 non
1182 1630 1343 1670 mere
1380 1610 1723 1671 Atticorum
1760 1611 2092 1671 orationem
2136 1614 2432 1688 irreperet

527 1692 821 1779 (Xenoph.
887 1701 928 1758 1.
975 1719 1041 1775 c.‚
1103 1699 1281 1759 Plato
1326 1701 1443 1778 leg.
1496 1702 1672 1760 6832.
1736 1703 1798 1760 et
1869 1702 2123 1760 fortasse
2199 1703 2279 1759 67
2289 1702 2325 1759 6
2340 1694 2432 1783 c);

526 1807 779 1864 quarum
824 1793 1082 1866 utraque
1125 1792 1337 1865 postea
1382 1790 1443 1848 in
1492 1808 1666 1848 usum
1710 1790 2022 1868 vulgarem
2066 1791 2327 1849 transiit.

392 1872 658 1953 ἄρτιος
714 1880 785 1938 fr.
824 1879 1073 1937 LXXIV
1129 1879 1200 1937 de
1253 1881 1455 1937 mente
1509 1881 1773 1956 integra,
1829 1882 1901 1938 ut
1956 1874 2315 1954 ἀρτίφρων,
2373 1879 2431 1938 si

522 1970 684 2026 recte
740 1968 1053 2044 suppletur
1109 1961 1373 2042 ἀρτίους
1430 1962 1753 2047 [φρένας].
1855 1968 1959 2027 cfr.
2018 1969 2223 2043 Eurip.
2281 1968 2426 2026 Tro-

526 2058 666 2116 ades
713 2059 840 2117 417
892 2055 971 2118 οὐ
1018 2054 1141 2131 γὰρ
1190 2053 1414 2132 ἀρτίας
1462 2053 1631 2131 ἔχεις
1678 2055 1952 2133 φρένας,
2001 2058 2263 2134 Theogn.
2298 2060 2426 2117 154

527 2141 660 2226 ὅτῳ
710 2144 789 2220 μὴ
839 2143 998 2220 νόος
1037 2142 1257 2221 ἄρτιος
1302 2143 1361 2226 ᾗ.
1425 2148 1648 2225 legitur
1693 2148 1877 2206 etiam
1924 2148 2083 2223 apud
2127 2150 2430 2206 recentem

528 2237 878 2311 scriptorem
923 2236 1256 2311 pedestrem
1304 2234 1511 2311 Cyrill.
1549 2236 1717 2294 Alex.
1765 2237 1880 2296 vol.
1931 2239 1998 2310 6,
2044 2257 2101 2312 p.
2134 2237 2169 2294 2
2191 2236 2232 2295 d
2286 2236 2430 2309 τοῖς

528 2320 771 2399 ἀρτίοις
819 2322 936 2398 τὴν
983 2322 1211 2399 φρένα.

395 2411 766 2488 βαρέομαι
821 2415 894 2472 fr.
932 2412 1126 2471 LXIV
1180 2415 1289 2473 col.
1327 2414 1425 2473 ΠΙ
1462 2416 1518 2473 9.
1613 2414 1717 2472 cfr.
1773 2433 1955 2489 supra
2010 2434 2067 2490 p.
2114 2414 2313 2473 XXVI
2368 2416 2434 2473 et

525 2523 582 2579 p.
613 2502 855 2561 XXXII.
884 2505 1123 2578 praeter
1148 2505 1359 2578 poetas
1387 2505 1684 2578 reperitur
1709 2502 1774 2561 in
1792 2502 1970 2578 Lxx,
1998 2502 2134 2577 NT,
2162 2503 2431 2579 papyris,

528 2593 631 2651 cfiu
651 2591 905 2650 Luciani
920 2591 1320 2667 Pseudosoph.
1341 2611 1388 2650 c.
1415 2595 1449 2650 7
1472 2592 1764 2666 ,,βαρεῑν“
1795 2589 1867 2651 δέ
1895 2605 2074 2665 τινος
2103 2587 2429 2664 εἰπόντος,

529 2677 648 2740 οὐκ
685 2676 890 2751 ἔστιν,
930 2676 1084 2755 ἔφη,
1123 2677 1201 2740 τὸ
1239 2677 1627 2756 ,,βαρύνειν“,
1667 2677 1759 2754 ὡς
1798 2677 2156 2756 νενόμικας.
2211 2680 2429 2740 Attici-

527 2773 656 2829 stae
707 2788 915 2828 vocem
978 2788 1098 2830 non
1159 2770 1378 2829 habere
1432 2769 1727 2828 videntur.
1837 2769 2125 2828 hodierna
2189 2788 2432 2845 quoque

526 2860 736 2937 lingua
781 2857 1009 2918 Graeca
1058 2859 1235 2934 βαρῶ
1282 2860 1408 2917 sive
1458 2854 1678 2933 βαράω
1727 2859 1960 2917 dicitur.

395 2943 674 3022 ἔρευνα
708 2948 780 3007 fr.
810 2947 1016 3006 XVIII
1053 2948 1161 3008 col.
1191 2947 1253 3006 II
1286 2951 1387 3007 12.
1452 2949 1515 3005 in
1551 2947 1955 3007 Pseudoarist.
1994 2946 2210 3008 Oecon.
2252 2949 2310 3022 2,
2342 2948 2432 3008 30

529 3042 589 3098 et
634 3037 1022 3113 scriptoribus
1077 3037 1416 3096 recentibus
1472 3039 1729 3095 occurrit
1783 3040 1844 3095 et
1886 3037 1951 3095 in
1997 3038 2243 3113 papyris
2290 3029 2432 3115 (cfr.

525 3126 866 3202 Mayserum
911 3124 950 3185 l.
981 3144 1027 3185 c.
1074 3146 1132 3202 p.
1166 3119 1297 3208 28).

395 3211 742 3290 ἐκθύμως
789 3217 861 3274 fr.
889 3214 1002 3273 XV
1040 3216 1149 3275 col.
1180 3215 1210 3273 I
1243 3217 1343 3275 10.
1400 3210 1562 3274 Ὑπ’
1603 3211 1879 3290 ἑκθύμου
1919 3211 2167 3290 φρενός
2204 3212 2435 3293 legitur

527 3304 737 3364 Aesch.
793 3304 953 3364 PerS.
1005 3306 1160 3379 364,
1209 3304 1369 3380 quod
1420 3308 1620 3363 tamen
1667 3303 1965 3380 quomodo
2013 3303 2432 3379 explicandum

527 3394 625 3468 sit,
672 3396 874 3452 utrum
928 3396 1130 3452 emim-o
1182 3394 1441 3452 studioso
1489 3412 1564 3452 an
1611 3411 1839 3466 amem,
1886 3396 2066 3469 atque
2112 3412 2257 3452 num
2304 3412 2432 3452 om-

525 3485 668 3541 nino
722 3484 814 3541 ita
850 3467 1183 3560 'legendum
1239 3482 1342 3558 sit,
1391 3500 1527 3541 cum
1572 3481 1871 3541 Mediceus
1921 3481 2197 3540 exhibeat
2242 3478 2431 3542 εὐθύ·

528 3588 676 3646 μου,
726 3571 1066 3648 ambigitur.
1160 3573 1320 3629 certe
1375 3571 1704 3646 posteriore
1752 3573 1976 3645 aetate,
2021 3574 2112 3628 ut'
2136 3572 2234 3630 hic
2284 3589 2428 3647 quo-

438 3679 444 3694 *
528 3679 670 3736 que,
742 3659 923 3719 habet
994 3661 1118 3719 vim
1193 3662 1390 3718 animo
1461 3661 1720 3720 studioso
1792 3679 1912 3736 qua
1986 3660 2047 3717 vi
2113 3663 2203 3720 est
2267 3660 2431 3736 apud
