2693 4100
1060 256 1469 347 Ixm-

247 468 553 525 servatum
588 463 660 522 fr.
698 463 814 522 inc.
849 483 908 539 p.
941 465 1023 522 27
1061 462 1260 521 media
1286 454 1362 543 G)
1400 464 1475 521 ab
1512 464 1847 522 Austriacis
1885 461 2285 539 disputationi

247 555 321 613 de
359 555 660 637 senectute
699 552 990 611 insertum
1026 552 1126 611 vix
1161 552 1277 609 huc
1311 553 1590 628 pertinet,
1628 555 1913 627 quoniam
1951 571 1986 608 a
2027 549 2283 610 Gousino

248 643 667 703 mufflatorum
706 640 977 718 lapidum
1013 642 1063 699 ii
1096 642 1337 699 tantum
1373 642 1739 717 „fragments
1776 638 2132 701 incertains“
2179 659 2283 716 ap-

252 732 568 808 pellantur,
607 731 716 806 qui
751 731 954 806 parvis
981 729 1201 789 litteris
1229 731 1507 805 inscripti
1534 732 1675 789 sunt
1703 721 1836 810 (cfr.
1869 728 2039 788 CouS.
2069 750 2127 805 p.
2151 721 2283 809 60).

385 821 514 879 Hoc
556 819 734 879 modo
788 818 1141 896 fragmentis
1198 837 1339 878 suae
1390 838 1624 894 quoque
1672 819 2067 896 disputationi
2115 820 2286 877 attri-

250 910 414 969 butis
460 909 835 968 considerare
871 925 1106 968 necesse
1152 909 1259 982 est,
1308 927 1487 983 quem
1522 908 1722 967 locum
1769 909 1832 966 in
1877 908 2092 966 harum
2137 925 2283 966 una-

250 1018 492 1074 quaque
528 1000 788 1057 teneant.
846 1016 915 1056 ac
951 999 1212 1074 primum
1249 997 1491 1071 quidem
1528 997 1600 1055 de
1637 995 2054 1056 dissertatione
2092 996 2311 1076 ethica,

250 1105 517 1165 agamus.
586 1086 842 1145 editores
889 1086 1084 1145 adhuc
1131 1104 1263 1144 eam
1308 1087 1503 1164 legem
1539 1088 1727 1145 secuti
1762 1088 1919 1163 sunt,
1965 1088 2035 1144 ut
2072 1085 2284 1161 quinto

250 1178 479 1236 decimo
525 1176 631 1234 illo
682 1192 855 1234 versu
892 1175 1066 1251 quasi
1109 1194 1320 1234 norma
1366 1175 1682 1234 ordinandi
1727 1178 2054 1234 uterentur.
2145 1193 2286 1232 nam

249 1266 571 1325 verisimile
627 1282 753 1324 esse
808 1266 1173 1341 putaverunt
1218 1265 1544 1325 sententias
1596 1263 1805 1323 eodem
1851 1264 2055 1323 ordine
2103 1263 2287 1322 aliam

252 1356 440 1413 aliam
475 1354 786 1429 excepisse,
834 1372 1012 1429 quem
1048 1353 1231 1412 habet
1265 1354 1715 1431 gnomologium
1750 1353 1901 1411 illud
1939 1352 2101 1430 apud
2146 1352 2285 1410 Dio-

252 1463 464 1522 genem
499 1443 811 1502 Laertium
848 1443 1167 1516 servatum,
1205 1438 1427 1516 κυρίας
1466 1439 1663 1516 δόξας
1701 1460 1849 1518 quas
1895 1444 2129 1501 vocant.
2186 1441 2290 1499 sed

250 1534 364 1591 hoc
428 1550 548 1590 non
601 1531 757 1590 idem
804 1548 929 1591 esse
976 1551 1047 1590 ex
1111 1531 1211 1590 ξιτ.
1257 1533 1367 1606 76,
1418 1533 1498 1590 77
1540 1522 1665 1612 (L),
1714 1524 1900 1610 80s81
1954 1522 2288 1612 (XLVIII),

256 1624 341 1681 84
389 1613 555 1702 (LV)
611 1622 1014 1697 cognoscitur,
1070 1621 1294 1697 quippe
1351 1638 1504 1695 quae
1557 1620 1728 1679 nobis
1781 1621 2108 1697 praebeant
2153 1620 2287 1677 reli·

254 1713 428 1786 quias
476 1711 923 1784 sententiarum,
972 1728 1121 1785 quas
1169 1710 1466 1787 Diogenes
1503 1709 1782 1769 Laertius
1818 1726 1939 1768 non
1975 1709 2182 1783 habet3
2230 1712 2287 1766 et

253 1802 413 1858 inter
458 1816 590 1873 κυρ.
630 1794 760 1859 δόξ.
799 1799 888 1856 VI
925 1800 986 1857 et
1021 1798 1174 1857 VIII
1219 1798 1386 1857 deest
1432 1800 1711 1874 septima,
1762 1802 1831 1857 ut
1877 1817 1947 1857 ex
1991 1798 2064 1859 fr.
2097 1789 2283 1875 66s67

262 1880 507 1969 (XLIV)
555 1889 945 1965 cognoscitur.
1021 1887 1182 1964 quod
1227 1906 1386 1947 nunc
1430 1889 1553 1945 iam
1598 1890 1789 1966 magis
1836 1890 2104 1963 apparet,
2152 1905 2286 1945 cum

260 1979 442 2036 etiam
502 1978 604 2036 frr.
645 1979 726 2034 27
734 1979 904 2035 ——32
956 1968 1406 2059 (LVI—LXI),
1467 1995 1620 2053 quae
1681 1976 1759 2036 ad
1820 1976 1980 2035 idem
2046 1993 2288 2055 gnomo·
2379 1979 2384 1983 '

256 2067 485 2145 logium
543 2067 840 2144 pertinere
900 2086 995 2126 me
1052 2067 1336 2143 probasse
1397 2085 1595 2142 sper0,
1652 2066 1975 2125 sententias
2029 2066 2291 2125 habeant

259 2176 411 2233 quae
467 2157 629 2232 apud
681 2155 1006 2233 Diogenem
1060 2155 1367 2215 Laertium
1420 2174 1539 2214 non
1594 2155 1995 2215 inveniantur.
2096 2154 2289 2215 simile

255 2246 443 2323 igitur
486 2245 599 2305 hoc
653 2245 1100 2324 gnomologium
1156 2249 1248 2304 est
1289 2245 1411 2318 illi,
1456 2245 1616 2319 quod
1663 2265 1853 2321 nuper
1897 2247 2208 2305 inventum
2255 2262 2290 2301 a

257 2334 503 2393 Wotkio
560 2326 787 2415 (Μαι.
844 2333 1009 2392 Stud.
1056 2334 1111 2391 X
1170 2335 1290 2391 191
1326 2327 1487 2413 sqq.)
1545 2333 1771 2393 editum
1800 2339 1931 2403 est.
2033 2354 2172 2393 nam
2228 2334 2291 2390 in

256 2424 364 2483 illo
423 2442 656 2499 quoque
709 2424 868 2481 inter
922 2422 1073 2482 alias
1138 2424 1463 2482 sententias
1525 2419 1746 2497 κυρίας
1804 2419 1997 2496 δόξας
2054 2440 2291 2498 sparsas
2345 2483 2348 2484 γ

258 2531 384 2571 esse
431 2512 717 2586 videmus,
764 2515 825 2570 et
861 2531 961 2572 eas
1009 2511 1266 2588 quidem,
1305 2511 1463 2587 quod
1515 2531 1671 2570 nunc
1715 2512 1959 2570 maximi
2006 2513 2293 2570 momenti

259 2605 366 2676 est,
412 2620 532 2660 non
577 2601 683 2660 illo
722 2601 926 2660 ordine
964 2600 1284 2660 Laertiano
1331 2601 1450 2659 nisi
1494 2602 1686 2659 initio,
1746 2602 1951 2676 itaque
1998 2618 2116 2658 non
2154 2600 2294 2658 licet

259 2709 490 2750 sumere
527 2691 639 2749 hoc
681 2689 752 2748 de
791 2708 908 2765 quo
946 2689 1248 2766 loquimur
1283 2690 1729 2768 gnomologium
1766 2688 1993 2748 Laertii
2031 2706 2294 2748 servasse

261 2779 547 2839 ordinem.
593 2810 667 2819 --
711 2797 863 2853 quae
910 2797 1048 2838 cum
1091 2780 1182 2837 ita
1226 2779 1366 2852 sint,
1411 2779 1644 2836 nullum
1689 2779 1754 2836 in
1799 2779 1975 2836 huius
2024 2777 2293 2853 disputa·

262 2868 445 2927 tionis
497 2868 850 2944 fragmentis
905 2866 1249 2926 ordinandis
1308 2868 1592 2926 habemus
1647 2871 1954 2926 externum
2007 2865 2294 2925 indicium

262 2957 379 3016 nisi
423 2963 579 3031 tum,
627 2975 762 3014 cum
808 2956 1070 3016 eiusdem
1116 2956 1445 3016 sententiae
1490 2956 1779 3031 reliquiae
1823 2959 1888 3015 in
1934 2956 2163 3015 duobus
2208 2955 2295 3012 la-

261 3045 501 3121 pidibus
548 3047 926 3121 reperiuntur
972 3037 1072 3126 (fr.
1114 3047 1195 3106 62
1236 3047 1297 3104 et
1335 3046 1417 3104 63
1450 3071 1518 3092 =
1545 3038 1787 3127 XLVI).
1880 3048 2294 3121 argumentum

261 3136 463 3210 ipsum
507 3134 679 3195 nobis
727 3135 873 3192 satis
917 3134 1125 3193 indicii
1171 3152 1295 3192 esse
1343 3134 1533 3194 debet.

399 3223 601 3300 Atque
638 3223 741 3280 frr.
774 3224 859 3282 60
887 3226 948 3281 et
980 3225 1058 3281 61
1102 3216 1337 3303 (XXOE
1374 3226 1435 3281 et
1469 3215 1694 3303 XXIV)
1733 3225 1909 3282 initio
1946 3223 2155 3299 scripti
2191 3223 2292 3279 tri-

261 3312 501 3371 buenda
545 3330 670 3372 esse
718 3314 987 3388 apparet,
1035 3332 1171 3373 cum
1214 3311 1533 3371 manifesto
1577 3312 1654 3371 ad
1690 3314 2122 3388 praefationem
2167 3330 2297 3386 per-

261 3402 515 3460 tineant.
625 3402 1026 3478 fragmentum
1082 3402 1163 3460 63
1222 3393 1476 3482 (XXIX)
1541 3408 1740 3461 autem
1753 3448 1767 3476 ,
1831 3401 1991 3478 quod
2048 3420 2173 3459 rem
2238 3404 2299 3458 et

265 3490 658 3565 partitionem
683 3491 771 3549 rei
806 3489 1052 3562 indicat,
1088 3490 1258 3549 nobis
1294 3490 1581 3566 praesidii
1616 3490 1848 3566 aliquid
1876 3490 2139 3566 praebet,
2178 3507 2298 3565 quo

264 3579 330 3636 in
396 3578 729 3656 digerendis
795 3580 1007 3638 ceteris
1071 3579 1423 3657 fragmentis
1486 3581 1580 3637 uti
1641 3581 1837 3638 liceat.
1931 3580 2078 3639 dicit
2140 3579 2297 3637 enim

268 3669 526 3744 scriptor
598 3687 659 3726 se
732 3671 994 3744 primum
1068 3666 1213 3742 περὶ
1285 3664 1796 3742 καταστημάτων
1871 3667 2082 3728 deinde
2155 3664 2298 3741 περὶ
