2693 4100
1083 224 1530 289 —85-

286 399 361 435 ne
400 382 619 435 duabus
666 382 895 449 quidem
940 381 1106 435 terris
1152 381 1327 435 finitis
1374 384 1707 438 immensam
1743 382 2167 438 multitudinem
2206 386 2320 437 ato-

289 468 509 506 morum
565 453 843 517 consumi,
901 454 1001 506 sed
1055 453 1255 506 harum
1309 455 1607 523 utramque
1657 472 1769 508 non
1814 454 1999 507 minus
2045 454 2326 508 infinitam

289 523 747 593 magnitudinem
775 523 982 577 habere
1012 526 1354 578 credendum
1383 542 1502 580 esse
1532 544 1701 594 quam
1730 525 1887 579 illam
1916 541 2102 579 unam.
2156 528 2324 593 atque

288 595 376 649 ita
430 594 856 666 progredientes
900 595 1170 649 videbitis
1226 596 1447 650 nullum
1501 596 1723 651 finitum
1770 599 2046 650 terrarum
2093 598 2327 650 mundo-

290 684 527 734 rumque
563 683 860 720 numerum
896 667 1166 721 conficere
1218 668 1551 722 immensam
1589 668 1795 723 molem
1833 671 2160 722 atomorum.
2236 668 2327 722 In—

293 738 483 791 finitos
541 754 672 807 ergo
727 739 966 792 mundos
1020 755 1139 792 esse
1187 755 1386 792 necese
1444 743 1543 793 est.
1584 773 1650 780 —
1690 739 1795 793 tali
1840 741 2006 794 modo
2051 739 2327 808 Epicurus

293 826 517 876 quoque
573 809 1152 864 innumerabilitatem
1207 812 1544 865 mundorum
1599 810 1865 881 probasse
1917 812 2153 865 videtur.
2229 810 2326 864 cfr.

293 897 439 948 quae
477 880 741 935 brevibus
779 881 965 936 verbis
1005 881 1146 935 dicit
1182 898 1268 951 ep.
1297 882 1324 934 Ι
1352 890 1421 936 45
1459 883 1572 952 (Us.
1612 900 1666 952 p.
1709 888 1740 936 9
1777 901 1827 936 ν.
1861 888 1891 934 6
1914 885 2082 952 sqq.):
2122 885 2191 937 οὐ
2220 885 2327 949 γὰρ

293 954 721 1019 κατανήλωνται
768 955 826 1008 αἱ
870 959 1128 1008 τοιαῦται
1174 955 1399 1021 ἄτομοι,
1457 957 1513 1010 ἐξ
1560 956 1642 1008 ὧν
1679 956 1750 1008 ἂν
1786 958 2008 1019 γένοιτο
2046 957 2256 1021 κόσμος
2291 957 2326 1021 ἢ

294 1024 397 1091 ὑφ’
434 1025 518 1077 ὧν
556 1027 626 1077 ἂν
662 1026 938 1092 ποιηθείη,
978 1026 1119 1079 οὔτ’
1147 1027 1241 1090 εἰς
1278 1028 1396 1079 ἕνα
1434 1027 1575 1080 οὐτ’
1611 1025 1705 1090 εἰς
1741 1028 2328 1093 πεπερασμένους,

293 1095 420 1149 οὐθ’
463 1097 585 1149 ὅσοι
633 1103 878 1151 τοιοῦτοι
925 1098 1049 1150 οὐθ’
1085 1100 1210 1151 ὅσοι
1258 1100 1521 1165 διάφοροι
1566 1100 1811 1161 τούτοις·
1870 1099 2018 1151 ὥστε
2056 1099 2224 1152 οὐδὲν
2261 1099 2329 1151 τὸ

294 1167 797 1235 ἐμποδοστατῆσόν
834 1168 886 1221 τ’
922 1169 1038 1222 ἐστι
1074 1172 1215 1235 πρὸς
1249 1172 1358 1236 τὴν
1395 1170 1649 1236 ἀπειρίαν
1685 1174 1803 1223 τῶν
1842 1171 2085 1235 κόσμων.

437 1272 522 1328 fr.
552 1272 742 1326 XXII
797 1273 998 1326 titulus
1045 1274 1448 1344 disputationis
1487 1276 1723 1329 ethicae.
1801 1277 1873 1328 ad
1912 1292 1979 1327 ea
2016 1292 2161 1342 quae
2201 1293 2332 1343 sup-

293 1343 446 1413 plevi
485 1342 582 1397 cfr.
619 1343 686 1397 fr.
715 1344 894 1398 XXIX
934 1345 1058 1415 (HK
1088 1349 1174 1415 63)
1215 1348 1272 1399 et
1308 1363 1454 1414 quae
1493 1347 1609 1400 dixi
1645 1366 1699 1416 p.
1729 1347 1847 1400 XV.

438 1451 521 1505 fr.
543 1451 768 1505 XXIII
798 1452 902 1506 col.
921 1452 947 1505 Ι
974 1471 1023 1506 v.
1053 1458 1173 1506 1-8
1212 1453 1354 1507 dicit
1393 1456 1588 1507 contra
1626 1471 1718 1507 eos
1749 1454 1847 1522 qui
1876 1470 1943 1507 ex
1970 1454 2333 1522 philosophia

295 1521 409 1575 sibi
437 1523 736 1590 pecuniam
773 1525 1122 1592 honoresque
1151 1524 1369 1578 faciant
1397 1527 1613 1593 (πολλοὶ
1639 1528 1746 1593 γὰρ
1775 1527 2079 1593 χρημάτων
2110 1529 2200 1579 καὶ
2227 1542 2333 1579 τει·

296 1599 419 1660 μῶν
438 1596 650 1662 ἕνεκ]εν
664 1595 850 1648 versui
868 1595 1051 1664 primo
1071 1597 1442 1651 antecessisse
1455 1599 1622 1664 putat
1634 1596 1740 1666 ΙΙ).
1771 1613 1884 1649 non
1898 1600 2088 1649 tamen
2104 1596 2332 1650 omnino

294 1664 570 1732 Epicurus
616 1666 800 1720 vetuit
854 1667 1169 1734 sapientem
1224 1667 1331 1721 tali
1385 1670 1553 1721 modo
1611 1668 1720 1721 sibi
1766 1668 2066 1737 pecuniam
2112 1683 2331 1736 parare,

294 1752 424 1788 cum
472 1736 686 1790 diceret
730 1742 821 1792 καὶ
867 1742 1149 1806 μόναρχον
1197 1741 1256 1793 έν
1304 1745 1478 1808 καιρῷ
1526 1742 1890 1807 θεραπεύσειν
1946 1742 2072 1808 (τὸν
2119 1741 2332 1807 σοφὸν)

295 1806 382 1875 (fr.
404 1813 507 1861 577
531 1808 648 1878 Ue.)
686 1812 745 1864 et
772 1812 1210 1878 χρηματίσεσθαί
1235 1828 1297 1864 τε
1327 1813 1450 1880 (τὸν
1479 1813 1701 1880 σοφόν),
1741 1812 1860 1865 ἀλλ’
1887 1813 1998 1866 ἀπὸ
2037 1812 2212 1877 μόνης
2240 1825 2332 1865 σο-

296 1880 443 1946 φίας,
484 1881 853 1947 ἀπορήσαντα
892 1882 978 1951 (fr.
1009 1886 1110 1934 567
1133 1882 1264 1951 Us.).
1323 1881 1424 1935 sed
1460 1882 1520 1935 in
1556 1882 1878 1935 universum
1914 1882 2143 1949 quidem
2183 1881 2332 1950 sapi-

294 1952 484 2004 entem
529 1951 707 2005 vitare
752 1968 950 2022 regum
1001 1953 1190 2006 aulam
1238 1952 1457 2021 docuit,
1515 1953 1612 2008 cfr.
1651 1953 1796 2007 illud
1842 1956 1973 2008 λάθε
2024 1956 2229 2020 βιώσας
2275 1954 2333 2005 et

294 2021 503 2076 Wotke
533 2021 708 2078 Wien.
741 2024 895 2079 stud.
926 2024 977 2077 X
1007 2043 1048 2078 s.
1079 2030 1145 2079 67
1186 2027 1479 2094 ἐλεύθερος
1516 2026 1630 2094 βίος
1657 2027 1727 2081 οὐ
1758 2027 1991 2081 δύναται
2022 2026 2331 2093 κτήσασθαι

296 2095 556 2161 χρήματα
582 2097 763 2149 πολλὰ
791 2099 882 2151 διὰ
909 2100 976 2151 τό
1003 2100 1070 2151 τὸ
1098 2098 1369 2170 πρᾶγμα(
1377 2097 1495 2169 μὴ)
1517 2101 1711 2166 ῥᾴδιον
1742 2100 1889 2164 εἷμαι
1916 2101 2085 2164 χωρὶς
2112 2097 2335 2165 θητείας

296 2168 481 2230 ὄχλων
518 2170 553 2232 ἢ
596 2169 895 2222 δυναστῶν
931 2174 1044 2223 κτλ.

438 2237 542 2290 col.
571 2236 625 2289 Π
668 2256 720 2291 ν.
755 2245 783 2292 1
831 2242 898 2293 τὸ
945 2241 1381 2309 ἐπιζητούμενον
1437 2243 1548 2295 ὑπὸ
1595 2246 1698 2308 τῆς
1741 2242 1972 2308 φύσεως
2001 2283 2011 2293 .
2046 2284 2056 2293 .
2091 2281 2102 2292 .
2132 2242 2332 2307 τέλος].

298 2306 577 2361 similibus
615 2309 799 2363 verbis
835 2311 1018 2363 utitur
1053 2310 1406 2380 Polystratus
1443 2316 1568 2380 περὶ
1605 2314 1814 2377 ἀλόγου
1855 2312 2334 2378 καταφρονήσεως

298 2378 398 2433 col.
438 2379 588 2446 IXb‚
641 2399 692 2435 v.
733 2386 766 2434 6
788 2399 908 2450 sqq.
950 2385 1023 2451 (p.
1066 2388 1132 2436 17
1184 2383 1267 2436 ed.
1307 2382 1521 2452 Wilke)
1578 2385 1916 2452 διώκω[με]ν
1964 2384 2333 2450 συμφώνω[ς]

298 2455 466 2517 ...ἡ
508 2455 677 2519 φύσις
731 2457 894 2520 ἡμῶν
950 2456 1119 2523 αύτ[ὴ
1178 2457 1354 2523 Ζη]τεῑ
1406 2458 1566 2519 τέλος
1621 2456 1679 2507 et
1735 2453 1836 2507 col.
1893 2452 2117 2506 XXHIa
2177 2459 2203 2505 7
2229 2469 2333 2521 sqq

297 2524 371 2591 (p.
402 2528 469 2575 31
498 2521 709 2592 Wilke)
765 2527 915 2592 παρὰ
951 2528 1018 2580 τὸ
1058 2530 1132 2594 μὴ
1163 2528 1435 2580 δύνασθαι
1474 2529 1790 2592 διαγνῶναι,
1827 2527 1881 2580 τί
1908 2529 1943 2592 ἡ
1976 2527 2143 2592 φύσις
2171 2528 2335 2591 ἡμῶν

296 2595 443 2661 αὐτὴ
483 2598 635 2662 Ζητεῑ
665 2599 825 2660 τέλος
870 2601 961 2651 καὶ
1008 2601 1069 2652 ἐκ
1114 2598 1286 2651 τίνων
1331 2603 1505 2651 τοῦτο
1557 2601 2017 2665 συμπληροῦσθαι
2062 2599 2334 2664 πέφυκεν.

295 2664 395 2717 cfr.
425 2666 600 2719 etiam
638 2665 749 2720 Cic.
790 2667 862 2721 de
898 2667 991 2721 fin.
1030 2668 1055 2720 Ι
1095 2673 1143 2734 7,
1174 2674 1241 2721 23
1279 2670 1566 2735 confirmat
1603 2667 1916 2737 (Epicurus)
1964 2675 2145 2721 autem
2190 2665 2337 2720 illud

293 2737 378 2789 vel
414 2740 650 2792 vvzaxime
684 2740 831 2808 quod
867 2742 993 2807 ipsa
1028 2746 1265 2806 namra,
1309 2747 1376 2794 ut
1420 2742 1504 2794 ait
1540 2741 1646 2806 ille,
1682 2741 1877 2793 sciscat
1921 2746 1972 2793 et
2007 2740 2226 2807 probet,
2273 2738 2334 2790 id

295 2813 372 2861 est
406 2810 736 2876 voluptatem
781 2818 832 2865 et
867 2812 1104 2865 dolorem
1141 2813 1220 2880 (et
1255 2810 1282 2863 Ι
1319 2816 1378 2878 9,
1417 2815 1506 2881 30)
1546 2810 1642 2865 cfr.
1684 2810 1857 2863 etiam
1894 2809 1989 2863 Us.
2026 2809 2093 2863 fr.
2126 2814 2230 2861 260
2277 2810 2336 2862 et

294 2878 397 2948 Ep.
429 2896 513 2947 ep.
545 2879 622 2932 III
660 2886 690 2945 ξ
724 2887 826 2933 129
865 2881 978 2950 (Us.
1017 2899 1070 2950 p.
1103 2888 1188 2949 63,
1221 2885 1289 2951 1).

360 3011 370 3017 ,
440 2968 487 3004 v,
521 2956 567 3004 3.
652 2952 822 3005 verba
865 2955 920 3008 τί
967 2952 1017 3008 δ’
1064 2956 1177 3008 ἐστὶ
1227 2960 1425 3021 τοῦτο,
1474 2956 1560 3007 ὅτι
1615 2971 1676 3008 τε
1725 2955 1863 3019 μήτε
1910 2958 2154 3016 πλοῦτος
2190 2952 2332 3005 αὐτὸ

297 3024 530 3076 δύναται
575 3031 885 3090 παρασχεῖν
934 3025 1072 3091 μήτε
1124 3028 1259 3080 δόξα
1308 3029 1422 3079 κτλ.
1472 3024 1610 3093 quid
1661 3024 1911 3078 habeant
1967 3022 2166 3076 offensi
2220 3039 2334 3076 non

295 3091 459 3146 video
498 3092 634 3160 (HK
668 3112 723 3163 p.
755 3100 859 3148 434
896 3095 956 3148 in
994 3095 1082 3149 his
1120 3096 1301 3151 verbis
1340 3094 1688 3166 offendunt).
1746 3094 1887 3149 dicit
1915 3095 2066 3148 enim
2095 3094 2337 3176 scriptor

300 3162 683 3218 demonstrare
740 3183 800 3220 se
855 3166 999 3220 velle
1055 3167 1299 3236 primum
1356 3166 1495 3235 quid
1556 3166 1632 3220 sit
1684 3166 1830 3220 illud
1887 3168 2071 3232 τέλος,
2128 3165 2335 3218 demde

298 3248 483 3300 neque
539 3236 754 3290 divitiis
810 3254 993 3305 neque
1039 3239 1345 3293 honoribus
1392 3253 1575 3305 neque
1622 3237 1751 3291 aliis
1797 3237 1964 3290 rebus
2003 3235 2147 3289 illud
2188 3252 2336 3289 com-

298 3305 493 3373 parari
527 3324 691 3375 posse
730 3309 831 3363 sed
867 3309 1232 3378 philosophia
1270 3309 1406 3363 sola.

443 3394 487 3428 v.
512 3385 544 3431 4
565 3396 682 3447 sqq.
723 3397 835 3433 non
865 3381 1004 3434 satis
1036 3396 1156 3434 esse
1186 3380 1414 3435 divitias
1444 3381 1519 3434 ad
1545 3379 1772 3433 beatam
1799 3379 1975 3431 vitam
2006 3395 2332 3446 comparan-

298 3446 432 3500 dam
463 3451 767 3504 secundum
795 3452 1102 3521 Epicurum
1131 3455 1326 3506 notum
1358 3454 1458 3506 est.
1514 3450 1613 3505 cfr.
1635 3450 1728 3504 Us.
1751 3450 1817 3504 fr.
1839 3454 1943 3504 548
1971 3452 2038 3504 τὸ
2068 3452 2334 3516 εὔδαιμον

294 3525 387 3575 καὶ
426 3523 696 3589 μακάριον
733 3526 802 3578 οὐ
849 3526 1153 3592 χρημάτων
1198 3528 1412 3591 πλῆθος
1448 3525 1582 3577 οὐδὲ
1618 3524 1964 3589 πραγμάτων
2003 3525 2169 3587 ὄγκος
2214 3522 2340 3576 οὐδ’

291 3593 462 3660 ἀρχαί
511 3611 658 3658 τινες
710 3598 934 3662 ἔχουσιν
984 3597 1118 3650 οὐδὲ
1170 3597 1455 3663 δυνάμεις,
1521 3593 1641 3648 ἀλλ’
1687 3594 1891 3648 ἀλυπία
1948 3597 2039 3648 καὶ
2083 3595 2343 3661 πραότης
