2693 4100
1204 233 1645 298 -92-

407 393 559 462 quod
595 400 712 458 τοῖς
749 394 1136 460 καταστήμασι
1175 392 1413 461 opponit
1458 394 1559 456 τὰς
1594 394 1817 459 πράξεις
1863 394 1930 461 (v.
1962 395 2138 461 4—6).
2214 409 2348 446 nam
2396 393 2450 445 si

408 464 551 517 dicit
586 480 646 518 se
684 480 953 531 quaerere
990 463 1271 531 quomodo
1298 462 1417 516 vita
1441 467 1637 516 nostra
1665 466 1723 517 et
1749 463 1810 516 in
1837 463 1927 517 his
1956 466 2014 518 et
2040 465 2101 517 in
2128 463 2246 517 illis
2272 463 2457 518 beata

408 536 523 603 fiat,
561 534 799 588 dubium
834 552 949 589 non
985 538 1089 600 est,
1125 535 1264 602 quin
1301 536 1707 601 καταστήματα
1751 536 1810 589 et
1844 537 2067 602 πράξεις
2113 535 2186 588 ad
2232 534 2352 588 otia
2389 537 2455 587 et

408 606 657 676 negotia,
686 605 881 675 qualia
908 607 970 660 in
996 607 1119 660 vita
1145 606 1438 659 hominum
1466 608 1706 673 exstant,
1734 606 1960 672 referat,
1989 625 2102 660 non
2130 607 2202 659 ad
2234 608 2455 660 statum

409 680 467 733 et
493 680 710 731 motum
739 678 914 732 animi
944 680 1003 733 et
1030 677 1295 746 corporis,
1334 678 1485 731 unde
1513 693 1707 731 revera
1735 678 1935 732 ambae
1963 677 2099 731 illae
2128 677 2457 746 voluptates

408 766 613 803 nomen
652 751 1004 818 acceperunt.

552 839 601 874 v.
634 826 665 873 9
739 824 919 877 ἐκάνο
975 827 1281 890 τηροῦντες
1324 823 1392 875 τὸ
1441 821 1510 887 δή
1560 822 1669 889 ὅτι]
1707 820 1744 874 1.
1776 837 1822 874 e.
1865 824 2122 875 tenentes
2161 819 2457 873 decretum

414 891 558 945 illud
596 892 871 962 magistri.
947 893 1031 946 De
1067 909 1128 945 re
1167 891 1265 946 cfr.
1306 891 1418 946 Cic.
1458 892 1529 945 de
1567 892 1659 945 fin.
1689 891 1715 944 I
1756 898 1836 959 11,
1869 898 1934 945 37
1975 894 2039 945 in
2075 893 2226 945 omui
2260 908 2318 945 re
2355 890 2456 943 do·

411 963 543 1018 loris
580 965 782 1019 amotio
816 967 1199 1019 successionem
1235 964 1406 1031 efficit
1429 965 1727 1032 voluptatis
1763 965 1821 1016 et
1856 966 2056 1032 postea
2092 980 2205 1017 non
2239 964 2459 1030 placuit

415 1036 666 1104 Epicuro
701 1035 941 1090 medium
977 1053 1085 1090 esse
1111 1036 1382 1103 quiddam
1418 1036 1562 1089 inter
1598 1036 1834 1089 dolorem
1870 1042 1922 1090 et
1945 1036 2290 1104 voluptatem.

553 1125 606 1160 v.
649 1111 713 1158 12
752 1109 822 1161 τὰ
859 1107 1094 1177 ἥδοντο]
1150 1105 1247 1160 cfr.
1286 1106 1466 1160 Praef.
1505 1124 1560 1175 p.
1599 1105 1845 1160 XXXHI.
1918 1124 2026 1160 vox
2065 1105 2216 1175 apud
2244 1103 2464 1175 Epicu--¹

414 1195 540 1230 rum
577 1178 765 1245 ipsum
803 1180 1053 1232 nondum
1089 1178 1388 1232 invenitur.

559 1267 604 1303 v.
659 1255 723 1301 13
782 1251 1261 1318 ἀντιπαρέρχεται]
1325 1251 1388 1302 in
1452 1249 1703 1303 dolorum
1767 1250 1943 1303 locwm
2005 1250 2299 1303 succedunt
2362 1264 2461 1301 vo·

416 1321 667 1443 &optate-9.
744 1338 848 1373 vox
894 1323 1393 1388 ἀντιπαρέρχεσθαι
1439 1321 1586 1374 hanc
1632 1319 1747 1374 vim
1795 1319 1933 1373 alibi
1978 1320 2186 1373 habere
2222 1336 2335 1373 non
2370 1319 2456 1371 vi-

458 1394 598 1444 etur.

556 1481 608 1516 v.
642 1469 707 1516 14
731 1481 850 1531 sqq.
898 1466 969 1517 τὰ
1018 1465 1120 1516 οὖν
1167 1465 1444 1530 ὀχλοῦντα
1494 1466 1601 1529 τὴν
1647 1466 1837 1531 ψυχὴν
1882 1464 2007 1518 τίνα
2045 1464 2219 1530 ἐστίνς
2286 1464 2461 1529 φόβοι

558 1537 590 1588 6
631 1536 730 1600 μὲν
769 1537 831 1589 ἐκ
869 1540 1031 1603 θεῶν,
1071 1538 1103 1588 6
1142 1536 1193 1588 δ’
1221 1536 1332 1589 ἀπὸ
1372 1536 1635 1602 θανάτου,
1675 1538 1707 1589 6
1746 1536 1796 1589 δ’
1825 1535 1920 1588 ἀπ’
1957 1536 2303 1602 ἀλγηδόνων,
2344 1534 2462 1587 ἐπι·

417 1576 601 1672 θυμία.
680 1605 776 1659 cfr.
826 1606 923 1673 qui
965 1624 998 1658 a
1035 1606 1318 1675 Torquato
1357 1605 1633 1674 Epicureo
1681 1605 1831 1675 apud
1878 1603 2201 1659 Ciceronem
2248 1605 2315 1657 de
2363 1604 2465 1656 fin

418 1677 445 1729 Ι
468 1682 551 1742 18,
573 1682 640 1729 59
672 1680 1066 1730 enumerentur
1100 1678 1281 1731 morbi
1312 1677 1513 1733 animi·
1553 1677 1939 1746 cupiditates
1923 1694 2247 1743 immensae,
2277 1675 2462 1744 aegri-

415 1748 642 1801 tudines
664 1748 955 1802 hominum
973 1766 1086 1802 non
1113 1747 1570 1819 intellegentium
1598 1748 1743 1802 nihil
1772 1748 2074 1801 dolendum
2104 1765 2221 1799 esse
2254 1747 2462 1812 animo,

417 1820 570 1887 quod
609 1820 683 1874 sit
721 1838 755 1872 a
792 1821 982 1875 dolore
1021 1821 1268 1889 corporis
1296 1821 1582 1889 praesenti
1610 1820 1869 1874 futurove
1900 1818 2214 1872 seiunctum
2245 1820 2332 1887 (=
2356 1819 2462 1884 φό-
2467 1850 2473 1854 -

420 1896 516 1957 βος
552 1892 648 1946 ἀπ’
685 1894 1058 1961 ἀλγηδόνων),
1097 1893 1267 1946 timor
1302 1892 1519 1958 mortis,
1560 1891 1903 1961 superstitio.
1960 1907 2186 1960 prorsus
2225 1889 2464 1942 eandem

417 1963 787 2030 partitionem
822 1963 1209 2017 molestiarum
1264 1964 1438 2016 animi
1477 1934 1652 2017 h’abes
1691 1962 1863 2015 etiam
1900 1961 2058 2031 Epic.
2098 1979 2217 2028 κυρ.
2258 1962 2370 2015 δόξ.
2411 1958 2464 2011 Χ

422 2033 469 2089 εἰ
506 2036 577 2089 τὰ
613 2038 874 2103 ποιητικὰ
920 2042 1036 2090 τῶν
1083 2039 1206 2104 περὶ
1253 2038 1390 2100 τοὺς
1435 2037 1693 2100 ἀσώτους
1747 2038 1974 2103 ἡδονῶν
2027 2035 2150 2088 ἔλυε
2187 2035 2320 2097 τοὺς
2358 2033 2463 2099 φό-

423 2111 556 2173 βους
590 2112 693 2173 τῆς
738 2109 984 2172 διανοίας
1028 2111 1162 2172 τούς
1206 2125 1268 2161 τε
1313 2111 1440 2174 περὶ
1493 2110 1791 2175 μετεώρων
1830 2110 1919 2160 καὶ
1957 2106 2202 2160 θανάτου
2243 2106 2334 2158 καὶ
2371 2105 2465 2156 ἀλ-

421 2179 699 2246 γηδόνων,
740 2181 822 2233 ἔτι
858 2197 921 2233 τε
957 2181 1024 2232 τὸ
1062 2181 1235 2246 πέρας
1269 2185 1388 2233 τῶν
1417 2181 1723 2245 ἐπιθυμιῶν
1751 2179 2057 2244 ἐδίδασκεν,
2096 2178 2199 2231 οὐκ
2227 2177 2296 2229 ἄν
2323 2192 2466 2229 ποτε

422 2250 642 2315 ειχομεν
699 2251 786 2304 ὅτι
838 2252 1202 2317 ἐμεμψάμεθα
1253 2252 1459 2315 αὐτοῖς.
1546 2249 1642 2303 cfr.
1693 2250 1865 2303 etiam
1901 2248 2025 2302 Vol.
2064 2247 2222 2300 Herc.
2274 2245 2399 2299 coll.
2439 2245 2471 2298 Ι

424 2322 557 2373 tom.
596 2320 674 2373 111
730 2321 832 2374 col.
882 2320 1062 2375 XXIV
1090 2327 1120 2373 3
1145 2340 1261 2390 sqq.
1322 2323 1459 2390 κα[ἰ]
1515 2321 1729 2392 πάλ[ι]ν
1786 2318 2183 2391 ἑκστατ[ι]κ[ὴ]
2242 2316 2467 2389 [φ]ρίκη

423 2397 572 2445 θεῶν
610 2391 749 2462 [κ]αὶ
787 2395 1034 2447 θανάτου
1084 2396 1172 2447 καὶ
1211 2393 1592 2464 [ἀλ]γηδόνων
1631 2396 1721 2446 καὶ
1755 2399 1874 2446 τῶν
1911 2394 2119 2455 ταύτας
2153 2404 2471 2456 παρασκευ·

424 2465 576 2518 άζειν
614 2466 953 2530 δοξαμένων.
1029 2466 1202 2517 etiam
1250 2464 1403 2532 apud
1449 2463 1717 2533 Porphyr.
1758 2463 1829 2516 ad
1868 2463 2038 2515 Marc.
2079 2467 2146 2514 29
2193 2479 2246 2529 p.
2289 2465 2411 2525 293,
2431 2466 2467 2511 4

424 2533 508 2586 ed.
550 2533 780 2587 Nauck²
815 2536 930 2604 (Us
961 2535 1028 2589 fr.
1060 2538 1185 2605 485)
1233 2534 1380 2588 hanc
1428 2535 1728 2589 effectuum
1777 2533 2253 2587 enumerationem
2289 2531 2468 2584 habes

424 2605 756 2674 bipertitam
794 2611 829 2674 ἢ
867 2609 975 2675 γὰρ
1012 2611 1103 2662 διὰ
1141 2610 1325 2675 φόβον
1361 2625 1445 2672 τις
1481 2609 1869 2673 κακοδαιμονεῖ
1904 2609 1940 2673 ἢ
1981 2604 2051 2659 δι’
2079 2606 2339 2672 ἀόριστον
2377 2606 2468 2656 καὶ

428 2680 597 2743 κενὴν
636 2680 948 2745 ἐπιθυμίαν.

606 2748 903 2817 Sequentis
941 2749 1345 2820 disputationis
1382 2749 1649 2819 pleraque
1687 2749 1991 2817 perierunt,
2030 2746 2129 2799 sed
2164 2743 2467 2799 verisimile

428 2823 514 2872 est
553 2821 882 2888 scriptorem
930 2822 998 2874 de
1045 2825 1202 2875 metu
1251 2821 1482 2875 deorum
1519 2819 1662 2874 talia
1708 2819 1915 2873 dixisse
1963 2817 2158 2886 qualia
2192 2815 2473 2884 Epicurus

430 2908 549 2957 κυρ.
591 2894 702 2947 δόξ.
746 2901 772 2946 1
815 2895 873 2946 et
911 2891 1074 2960 alibi,
1134 2894 1267 2946 deos
1318 2910 1499 2960 neque
1546 2893 1819 2945 mundum
1858 2890 2250 2944 administrare
2287 2903 2468 2954 neque

428 2962 656 3016 omnino
693 2964 950 3017 homines
990 2981 1210 3031 curare,
1263 2981 1391 3017 cum
1428 2963 1658 3017 minime
1697 2961 1903 3016 debeat
1939 2960 2131 3030 putari
2168 2977 2260 3013 eos
2297 2961 2471 3026 πράγ-

431 3051 576 3099 ματα
615 3037 786 3100 ἔχεινς
826 3035 893 3088 de
932 3039 1087 3089 metu
1123 3036 1322 3089 mortis
1360 3035 1503 3089 talia
1530 3034 1725 3102 qualia
1751 3032 2115 3088 inveniuntur
2142 3049 2261 3098 κυρ
2285 3033 2396 3084 δόξ.
2418 3035 2471 3094 2,

431 3105 498 3157 de
546 3109 701 3158 metu
749 3106 1003 3161 dolorum
1050 3106 1244 3175 qualia
1290 3125 1409 3175 κυρ.
1442 3108 1555 3161 δόξ.
1594 3113 1654 3174 4,
1712 3106 1780 3158 de
1829 3102 2239 3173 cupiditatibus
2277 3100 2469 3169 qualia

431 3193 549 3243 κυρ.
582 3179 693 3233 δόξ.
726 3183 777 3245 3,
806 3183 875 3232 30
914 3177 1068 3232 alibi.

577 3248 679 3301 col.
711 3248 764 3302 H
799 3267 850 3302 v,
892 3254 923 3302 9
962 3251 1150 3321 αὗται]
1190 3248 1308 3303 scil.
1350 3250 1520 3318 φόβοι
1559 3253 1649 3303 καὶ
1687 3248 1961 3314 ἐπιθυμία.

579 3393 661 3449 fr
700 3391 884 3448 XXX
941 3394 1130 3464 agitur
1185 3394 1253 3444 de
1309 3395 1465 3445 metu
1521 3391 1766 3444 deorum.
1862 3391 1972 3442 duo
2028 3404 2237 3459 genera
2289 3388 2469 3439 metus

433 3467 843 3531 discernuntur,
890 3468 1074 3518 metus
1113 3463 1448 3532 explanatus
1487 3464 1968 3532 (τετρανωμένος),
2006 3476 2117 3528 quo
2158 3457 2346 3512 affecti
2384 3472 2470 3508 su-

433 3555 575 3606 mus,
614 3538 661 3591 si
699 3555 816 3590 rem
853 3536 1038 3604 ipsam
1068 3538 1126 3588 et
1153 3552 1399 3601 causam,
1438 3551 1537 3587 cur
1566 3551 1690 3586 eam
1719 3535 2037 3599 timeamus,
2073 3530 2242 3601 plane
2273 3543 2471 3608 cognq-

433 3609 632 3675 vimus,
671 3612 728 3662 et
763 3610 949 3660 metus
987 3624 1099 3660 non
1138 3606 1473 3674 explanatus
1511 3607 1907 3674 (ἀτράνωτος),
1965 3603 2063 3672 qui
2100 3600 2198 3655 ille
2237 3617 2355 3654 esse
2391 3597 2472 3652 vi·
