2693 4100
1175 244 1240 251 —
1316 211 1583 266 VIII—

366 381 676 456 X-—XIV‚
722 380 902 455 LXV,
939 379 1160 456 LXVI,
1198 379 1417 455 LXIX,
1454 381 1645 440 LXXI
1691 398 1831 457 pars
1859 381 2122 457 inferior,
2160 379 2405 455 LXXII,

356 471 616 529 LXXIII
678 489 818 546 pars
873 471 1150 545 inferior,
1215 469 1554 544 LXXVIII,
1618 462 1889 551 LXXX)3
1954 471 2133 530 etiam
2200 472 2273 530 fr.
2316 475 2345 529 1
2361 474 2395 529 7

359 552 463 641 (fr.
492 551 770 641 LXXIX)
836 560 921 618 43
953 578 1045 618 cm
1101 560 1295 618 altum
1350 560 1466 618 huc
1529 561 1805 635 pertinet.
1901 560 2142 619 tertium
2213 568 2400 637 genus

363 651 455 708 est
493 668 713 723 eorum,
752 667 1004 724 quorum
1042 648 1298 708 altitudo
1335 651 1584 707 minima
1624 651 1704 707 37
1738 668 1847 724 cm,
1893 649 2154 708 maxima
2194 651 2272 707 41
2308 668 2401 708 cm

366 741 472 810 est,
510 758 629 814 quo
666 737 971 813 pertinent
1008 739 1110 796 frr.
1143 740 1200 813 3,
1231 740 1289 811 4,
1324 740 1424 813 10,
1458 740 1719 797 21—-24
1768 730 1903 819 (frr.
1930 737 2406 812 LXII—LXIV,

359 826 551 900 LXX,
597 819 895 908 LXXIV).
1002 829 1204 903 quarti
1269 827 1502 905 generis
1558 831 1696 886 sunt
1750 828 1853 886 frr.
1896 830 1931 886 6
1991 819 2090 909 (fr.
2146 826 2401 885 LXXHI

363 917 472 975 001.
501 916 533 974 Ι
568 936 623 977 v,
658 917 849 991 1—-5,
888 918 996 975 col.
1026 917 1089 975 II
1125 936 1179 975 v.
1215 907 1436 997 1—5),
1488 919 1524 973 7
1563 908 1663 996 (fr.
1693 916 1886 975 LXXI
1912 918 2023 976 001.
2052 917 2083 974 Ι
2120 937 2174 975 v.
2210 919 2406 993 15—-5,

362 1006 471 1064 001.
501 1005 564 1064 H
608 1024 663 1063 v.
699 997 918 1087 1—5),
960 1008 997 1065 9
1041 998 1138 1086 (fr.
1168 1001 1472 1083 LXVIH),
1520 1025 1773 1081 quorum
1820 1006 2076 1065 altitudo
2115 1009 2205 1064 est
2254 1007 2397 1080 33‚5

359 1097 421 1153 et
469 1095 553 1152 34
585 1114 704 1168 cm,
752 1098 813 1154 et
856 1096 928 1153 fr.
966 1099 998 1153 1
1052 1089 1306 1175 (LXVII
1355 1092 1465 1170 [35
1499 1087 1666 1174 cm]).
1750 1095 2101 1172 fragmentis
2151 1096 2234 1154 sic
2282 1095 2398 1155 dis-

362 1183 575 1260 positis
640 1204 708 1243 ex
769 1185 1108 1242 litterarum
1180 1183 1596 1259 magnitudine
1670 1186 1730 1243 et
1803 1203 2048 1244 numero
2121 1203 2402 1243 versuum

361 1274 737 1350 singularum
784 1273 1195 1332 columnarum
1241 1277 1300 1331 et
1348 1276 1697 1351 argumento
1749 1273 1926 1332 facile
1973 1273 2166 1332 videri
2201 1276 2402 1348 potest

361 1381 482 1421 non
521 1361 759 1438 quidem
798 1364 999 1421 omnia
1026 1364 1091 1420 in
1120 1361 1472 1437 aequalibus
1508 1361 1809 1438 lapidibus
1845 1363 2033 1422 incisa
2062 1362 2402 1440 fragmenta

358 1450 440 1508 ad
492 1451 651 1510 idem
708 1451 997 1527 scriptum
1051 1451 1376 1527 pertinere,
1433 1452 1535 1510 sed
1591 1454 1797 1509 contra
1850 1451 1985 1525 illa,
2042 1469 2193 1526 quae
2250 1453 2402 1525 quin

356 1540 628 1598 eiusdem
675 1540 885 1615 scripti
931 1542 1053 1600 sint
1089 1539 1355 1599 dubitari
1391 1558 1511 1598 non
1546 1542 1747 1615 potest
1785 1533 2016 1620 (omnia
2061 1541 2404 1616 fragmenta

362 1627 789 1704 disputationis
819 1629 1049 1688 ethicae
1077 1630 1148 1687 fr.
1174 1631 1257 1689 60
1279 1648 1407 1706 sqq.
1443 1625 1539 1703 [fr.
1562 1628 1765 1687 ΧΧΠΙ
1785 1624 1940 1706 sqq.]
1974 1631 2034 1688 et
2062 1628 2407 1706 fragmenta

363 1717 795 1777 sententiarum
835 1720 916 1776 28
950 1712 1174 1798 [LVII]
1225 1721 1284 1776 et
1325 1719 1407 1776 29
1441 1711 1715 1797 [LVIH],
1763 1721 1823 1776 et
1858 1719 2201 1795 fragmenta'
2245 1719 2399 1776 eius-

361 1807 494 1865 dem
551 1806 844 1882 epistulae
904 1809 1164 1866 21-24
1223 1802 1451 1886 [LXIII
1497 1811 1557 1865 et
1602 1799 1854 1886 LXIVD
1907 1808 2088 1865 etiam
2137 1806 2404 1864 eiusdem

360 1896 485 1953 fere
546 1895 886 1954 altitudinis
945 1897 1212 1973 lapidum
1277 1915 1418 1956 esse.
1526 1897 1771 1973 excepta
1841 1899 1980 1955 sunt
2063 1896 2403 1972 fragmenta

361 1984 576 2061 quibus
637 1984 708 2044 de
769 1989 1071 2045 senectute
1133 1987 1358 2065 agitur,
1419 2005 1596 2062 quae,
1653 2004 1784 2045 cum
1848 1986 2121 2044 maximis
2182 1984 2406 2043 litteris

361 2075 586 2149 scripta
640 2077 788 2149 sint,
842 2078 1078 2135 tantam
1131 2076 1353 2135 habent
1409 2077 1820 2135 columnarum
1876 2075 2256 2134 altitudinem
2270 2121 2285 2147 ,
2333 2078 2406 2133 ut

362 2183 514 2222 unus
561 2164 717 2240 lapis
763 2167 955 2223 totam
994 2166 1334 2225 columnam
1373 2165 1686 2240 complecti
1724 2184 1843 2223 non
1879 2166 2086 2241 possit.
2163 2165 2262 2223 sed
2303 2164 2400 2222 hic

363 2271 599 2328 quoque
658 2254 1149 2330 aequabilitatem
1198 2254 1498 2329 quandam
1545 2272 1863 2332 agnoscere
1916 2254 2076 2327 licet,
2131 2272 2263 2311 cum
2309 2255 2399 2311 in·

362 2342 610 2401 seriores
639 2343 1048 2401 columnarum
1077 2343 1307 2418 lapides
1349 2335 1447 2424 (fr.
1473 2337 1816 2421 5[LXX]]1
1837 2343 1945 2402 col.
1963 2336 2072 2421 H],
2105 2344 2141 2400 8
2174 2337 2396 2421 [LXXI

361 2430 470 2489 col.
501 2429 579 2504 II,
621 2425 894 2510 6—1o],
946 2433 1025 2490 15
1069 2425 1378 2511 [LXXH],
1429 2434 1507 2490 16
1560 2426 1956 2512 [LXXVIH],
2008 2433 2086 2489 18
2137 2425 2405 2510 [LXIX],

366 2520 445 2577 19
497 2512 797 2601 [LXXX])
848 2521 923 2579 ad
969 2519 1294 2580 secundum
1331 2540 1518 2598 genus
1556 2515 1852 2600 (46—50
1883 2513 2024 2601 cm),
2068 2521 2403 2597 superiores

361 2600 462 2688 (fr.
496 2609 532 2667 6
585 2604 869 2690 [LXXIH
915 2611 1023 2669 col.
1053 2611 1086 2669 I
1135 2611 1326 2684 1—-5,
1374 2609 1573 2669 001.Π
1624 2603 1824 2688 1—5]
1878 2613 1911 2668 7
1965 2604 2201 2688 [LXXI’
2231 2609 2338 2667 col.
2369 2609 2402 2667 Ι

367 2701 566 2774 1-5,
614 2700 721 2759 col.
761 2699 823 2756 ΙΙ
872 2693 1102 2778 1—5]‚
1162 2701 1198 2758 9
1251 2692 1593 2779 [LXVIII])
1660 2699 1736 2758 ad
1793 2701 2072 2774 quartum
2133 2695 2396 2771 (33,5—

364 2790 448 2847 35
480 2780 600 2869 cm)
657 2790 955 2863 pertinere
999 2787 1323 2848 videamus,
1418 2788 1576 2863 quod
1633 2791 1834 2847 autem
1888 2787 2161 2847 nonnulli
2217 2780 2316 2867 (fr.
2358 2789 2400 2843 4

363 2871 600 2956 [LXX],
642 2879 725 2937 10
765 2871 1091 2956 [LXXIV]‚
1139 2896 1292 2953 quae
1338 2880 1539 2935 utrum
1588 2896 1657 2935 ex
1703 2877 1900 2936 media
1948 2896 2023 2935 an
2069 2876 2275 2934 infima
2322 2895 2397 2932 an

363 2985 642 3043 suprema
679 2970 849 3042 parte
888 2967 1196 3025 columnae
1236 2968 1359 3025 sint
1396 2966 1669 3044 cognosci
1708 2985 1826 3026 non
1863 2968 2079 3040 potest,
2118 2969 2177 3023 et
2203 2965 2277 3024 fr.
2316 2966 2397 3021 17

362 3050 685 3136 [LXXIX],
725 3055 902 3131 quod,
949 3057 1065 3114 etsi
1099 3055 1306 3114 infima
1341 3073 1484 3131 pars
1523 3059 1629 3130 est,
1665 3059 1867 3113 tamen
1907 3056 1990 3113 43
2029 3057 2269 3113 tantum
2305 3072 2403 3111 cm

364 3145 556 3205 altum
596 3136 712 3224 est)
760 3144 836 3202 ab
873 3145 985 3203 hac
1022 3145 1153 3223 lege
1188 3146 1438 3220 paulum
1475 3144 1833 3220 discrepant,
1879 3163 1997 3203 non
2036 3145 2252 3201 mirum
2291 3146 2402 3216 est,

362 3253 497 3293 cum
542 3235 1012 3307 meminerimus,
1058 3234 1287 3310 lapides
1344 3233 1696 3292 inferiorum
1743 3233 2018 3291 ordinum
2063 3251 2179 3291 non
2229 3250 2402 3290 accu-

362 3326 491 3382 rate
552 3341 743 3397 aequa
803 3341 928 3382 esse
988 3323 1306 3382 altitudine
1370 3325 1429 3381 et
1488 3322 1550 3380 in
1606 3321 1970 3381 aedificando
2025 3339 2223 3394 muro,
2281 3339 2398 3395 quo

363 3414 554 3490 magis
591 3429 796 3470 murus
835 3416 1138 3486 cresceret,
1186 3430 1255 3471 eo
1293 3412 1488 3488 magis
1526 3410 1760 3470 ordines
1799 3410 2068 3486 lapidum
2114 3409 2282 3469 illam
2323 3410 2404 3467 ob

364 3519 606 3560 causam
642 3500 916 3561 turbatos
946 3520 1095 3577 esse,
1142 3501 1396 3576 ideoque
1441 3501 1744 3559 interdum
1783 3500 1964 3576 paulo
2010 3501 2236 3558 maiore
2274 3499 2403 3556 sive

361 3590 592 3649 minore
651 3589 852 3666 lapide
925 3591 1148 3650 inserto
1208 3589 1672 3666 inaequalitates
1728 3589 2142 3664 exaequandas
2198 3589 2401 3646 fuisse.
