2693 4100
1212 193 1648 258 -32—

411 356 522 408 tur.
597 352 738 406 mihi
784 352 1024 406 maxime
1071 351 1352 420 placuerit
1395 353 1645 419 πίνακες,
1694 351 1730 404 i.
1773 369 1817 403 e.
1857 350 2086 417 tabulae
2133 351 2248 404 sive
2296 353 2460 403 eata·

414 424 551 495 logi,
590 425 651 478 in
689 424 893 492 quibus
931 422 1206 477 voeabula
1242 421 1636 477 inscribantur.

529 529 638 587 ‘h‘-
668 531 762 584 XI
799 549 847 584 V.
883 537 911 584 1
950 548 1083 585 nam
1110 531 1256 600 quod
1282 530 1359 584 ad
1388 531 1599 584 litteras
1627 532 1839 597 attinet,
1876 531 2042 584 etiam
2068 530 2287 584 vocibus
2316 545 2466 597 opus

414 610 549 670 erat,
587 610 651 656 ut
686 605 844 657 iussu
880 603 1118 658 collectio
1155 618 1345 655 earum
1381 603 1545 670 fieret.

555 710 638 764 fr.
669 709 798 763 XII
835 709 939 764 eol.
967 708 994 761 Ι
1020 726 1068 761 V.
1098 714 1234 761 1—-3
1283 707 1384 763 cfr.
1404 708 1714 761 Philodem.
1770 712 1897 776 περὶ
1943 708 2226 775 εὐσεβείας
2260 725 2316 776 p.
2349 712 2462 760 144

415 779 705 850 Gomperz.
721 812 786 820 —
799 782 1155 848 κατατρέχειν
1173 782 1298 834 τινά
1308 781 1566 848 persequi
1582 781 1819 848 aliquem
1838 779 1935 833 cfr.
1946 778 2191 847 Praef.p.
2204 777 2457 831 XXXIV.

415 853 490 906 ad
526 871 574 906 V.
600 858 628 904 7
660 851 757 905 efr.
787 851 890 921 Ep.
921 869 1008 919 ep.
1036 850 1115 904 III
1146 856 1246 904 123
1294 852 1501 918 ἀσεβὴς
1548 854 1608 906 δὲ
1656 853 1761 917 οὐχ
1809 853 1839 904 ὁ
1878 853 2015 916 τοὺς
2059 856 2177 905 τῶν
2225 854 2461 904 πολλῶν

413 926 579 988 θεοὺς
617 925 880 990 ἀναιρῶν,
925 923 1045 977 ἀλλ’
1080 924 1112 977 ὁ
1149 924 1251 989 τὰς
1285 928 1404 976 τῶν
1441 927 1666 977 πολλῶν
1705 925 1870 987 δόξας
1905 927 2055 987 θεοῖς
2089 922 2459 989 προσάπτων.

558 993 662 1048 οοΙ.
691 994 744 1047 Π
780 1012 827 1047 V.
859 993 1059 1064 Ssqq]
1097 994 1171 1046 ad
1206 1010 1325 1046 rem
1363 993 1463 1047 cfr.
1491 992 1649 1046 Diels
1681 995 1928 1048 Vorsokr.
1958 1010 2013 1061 p.
2036 999 2157 1056 519,
2180 997 2260 1045 33.
2321 991 2459 1045 Pro-

413 1069 647 1136 tagorae
668 1083 774 1119 vox
792 1070 918 1133 περὶ
938 1067 1036 1132 μὲν
1056 1070 1203 1119 θεῶν
1224 1066 1327 1119 οὐκ
1349 1067 1460 1132 ἔχω
1481 1065 1685 1120 εἰδέναι
1705 1065 1829 1119 οὐθ’
1847 1068 1925 1129 ὡς
1944 1065 2080 1118 εἰσὶν
2102 1064 2225 1119 οὐθ’
2243 1066 2321 1128 ὡς
2349 1065 2459 1118 οὐκ

416 1138 553 1192 εἰσίν
591 1138 716 1192 οὐθ’
742 1139 928 1191 ὁποῖοί
962 1153 1108 1201 τινες
1144 1136 1322 1200 ἰδέαν;
1363 1137 1463 1189 sed
1500 1136 1674 1190 etiam
1710 1136 1771 1189 in
1808 1136 2120 1189 breviorem
2156 1133 2460 1188 formulam

414 1209 648 1264 redacta
684 1208 768 1261 ita
804 1208 1153 1273 tradebatur
1208 1210 1274 1260 ut
1317 1207 1549 1261 tertium
1586 1207 1898 1261 sententiae
1934 1208 2248 1260 membrum
2287 1205 2460 1259 omit-

415 1282 641 1333 teretur.
719 1279 816 1333 cfr.
846 1279 1004 1332 Diels
1040 1278 1077 1332 1.
1118 1296 1162 1334 ο.
1202 1297 1257 1348 p.
1289 1283 1410 1346 513,
1432 1283 1500 1332 32
1539 1281 1598 1333 et
1631 1297 1687 1347 p.
1718 1284 1840 1346 516,
1863 1284 1930 1332 32
1952 1295 2071 1346 sqq
2145 1277 2305 1330 Hane
2344 1276 2463 1331 for-—

415 1351 822 1475 msimIHetiam
849 1350 1131 1421 Diogenes
1186 1350 1424 1419 praebet
1479 1354 1555 1420 (V.
1607 1355 1638 1403 9
1648 1350 1755 1422 [10
1813 1352 1870 1403 et
1925 1367 1971 1404 V.
2023 1355 2090 1404 14
2145 1365 2324 1416 usque
2381 1349 2463 1400 ad

420 1439 484 1476 co
670 1440 705 1474 V
753 1427 779 1473 1

561 1492 664 1546 eol.
692 1492 771 1546 III
785 1426 935 1545 >eum
972 1507 1164 1545 revera
1178 1490 1531 1573 Protagoras
1569 1492 1744 1561 priori
1784 1492 2097 1545 sententiae
2127 1490 2460 1560 opposuerit

418 1564 613 1628 aliam,
672 1580 843 1632 quam
891 1563 1130 1632 scriptor
1174 1562 1304 1616 inde
1355 1580 1389 1616 a
1425 1562 1530 1617 eol.
1560 1562 1613 1616 ΙΙ
1647 1581 1697 1616 V.
1731 1563 1975 1617 14—001.
2005 1563 2083 1615 III
2118 1581 2168 1616 V.
2201 1569 2228 1614 1
2273 1561 2458 1629 affert,

417 1653 532 1689 non
566 1637 805 1704 possunt
840 1641 995 1688 reeta
1034 1651 1153 1688 esse
1191 1652 1335 1702 quae
1365 1634 1471 1687 HK
1509 1635 1787 1688 dederunt
1823 1633 2234 1703 supplementa.
2293 1649 2460 1702 prae-

417 1710 574 1760 terea
629 1706 878 1775 spatium
922 1709 1054 1775 post
1098 1708 1384 1760 ἐπαύσατο
1430 1724 1478 1758 V,
1512 1712 1576 1759 11
1625 1706 1792 1759 finem
1839 1705 2153 1759 sententiae
2203 1705 2463 1758 indicare

418 1778 657 1831 Videtur.
732 1778 925 1845 itaque
981 1778 1064 1831 ita
1119 1776 1403 1845 supplevi,
1457 1780 1524 1830 ut
1578 1777 1948 1846 posteriorem
1996 1776 2336 1830 sententiam
2382 1774 2459 1829 ob

420 1865 545 1903 eam
583 1867 809 1903 eausam
845 1851 1069 1902 tantum
1108 1847 1398 1902 addidisse
1436 1849 1799 1931 Protagoram
1837 1849 2240 1914 ostenderetur,
2286 1850 2353 1900 ut
2387 1849 2465 1901 τὸ

418 1922 571 1975 λείαν
626 1921 824 1988 ἰταμὸν
877 1920 1081 1989 prioris
1136 1920 1452 1973 sententiae
1507 1919 1712 1973 vitaret
1766 1919 2130 1990 (efr.eol.11
2180 1937 2228 1973 V.
2278 1920 2459 1988 6—8)‚

418 2007 613 2117 reiVera
660 1993 850 2046 autem
897 2008 1024 2045 eum
1072 1991 1305 2045 eandem
1355 1994 1526 2060 atque
1571 1991 1878 2062 Diagoram
1925 1990 2265 2045 sententiam
2311 1988 2464 2043 ferre

424 2067 476 2134 (e
501 2082 529 2117 r
584 2064 688 2119 eol.
726 2063 779 2117 Π
807 2066 983 2133 3-5).

562 2153 612 2189 V.
642 2143 673 2188 2
714 2138 980 2203 ἐγχειρεῖν
1017 2152 1144 2189 eum
1182 2135 1503 2189 accusativo
1542 2134 1639 2189 efr.
1670 2134 1851 2188 Praef.
1887 2153 1942 2203 p.
1972 2134 2135 2189 XLII.

563 2242 646 2296 fr.
675 2241 785 2296 XV
824 2241 927 2296 eol.
956 2240 1009 2294 Π
1052 2259 1103 2294 V.
1134 2248 1166 2294 6
1223 2243 1312 2296 διὰ
1360 2245 1612 2309 σπουδῆς
1649 2244 1784 2310 ἔχω]
1831 2243 1905 2295 ad
1943 2240 2170 2295 dicendi
2218 2238 2465 2293 formam

427 2311 766 2367 eonferenda
802 2315 934 2365 sunt
969 2311 1128 2381 talia,
1167 2311 1360 2380 qualia
1397 2315 1528 2366 sunt
1564 2315 1654 2368 διὰ
1693 2315 1911 2380 μνήμης
1948 2315 2108 2380 ἔχειν,
2162 2314 2251 2367 διὰ
2296 2316 2469 2378 τιμῆς

423 2388 586 2453 ἔχειν,
627 2384 723 2437 cfr.
758 2382 986 2437 Sextum
1018 2383 1215 2453 Pyrrh.
1246 2384 1271 2437 1
1302 2389 1422 2450 106,
1446 2388 1512 2437 28
1549 2388 1706 2439 παισὶ
1743 2391 1977 2453 σφαῖραι
2014 2387 2104 2438 καὶ
2139 2386 2333 2451 τροχοὶ
2373 2385 2469 2437 διὰ

428 2459 682 2579 oneng}
714 2455 905 2581 ξίισιίζεί
936 2569 1090 2582 .....
1114 2531 1217 2594 τῆς
1254 2527 1553 2594 ἐπιστολῆς
1588 2528 1818 2594 ταύτης]
1868 2525 2199 2596 intellegere
2235 2524 2467 2577 Videtur

422 2597 884 2724 {ffigcgci'issfflae
920 2599 1163 2667 partem,
1201 2615 1345 2665 quae
1385 2597 1758 2666 disputationi
1789 2602 1916 2665 περὶ
1949 2598 2197 2665 ἀπειρίας
2233 2597 2470 2663 κόσμων

567 2758 615 2794 V.
649 2746 712 2793 11
771 2738 959 2792 iamne
995 2737 1281 2807 profectus
1320 2741 1406 2794 est
1441 2738 1740 2809 Diogenes,
1777 2741 1843 2792 ut
1880 2739 2089 2793 amieos
2125 2738 2186 2791 in
2225 2738 2464 2792 Graecia

425 2811 752 2866 habitantes
789 2811 1008 2864 adiret?
1063 2810 1182 2880 (cfr.
1221 2829 1269 2863 V.
1301 2815 1353 2876 5,
1385 2813 1454 2880 6.)
1529 2759 1638 2864 Sed
1676 2782 1774 2864 cfr.
1805 2810 1872 2867 fr
1903 2810 2066 2863 LXV.

569 2919 652 2973 fr.
682 2917 827 2972 XVI
881 2917 988 2972 hoe
1041 2917 1127 2970 fra
1167 2919 1422 2971 mentum
1477 2934 1576 2971 eur
1631 2917 1910 2987 epistulae
1967 2918 2041 2971 ad
2094 2917 2467 2985 Antipatrum

428 2992 596 3044 datae
633 2989 933 3044 insererem
973 2988 1090 3042 dixi
1200 2987 1306 3042 aef.
1345 3007 1403 3057 p.
1432 2989 1498 3043 X.

571 3060 673 3114 eol.
703 3060 729 3112 Ι
765 3079 814 3113 V.
846 3066 999 3129 3sq
1002 3061 1134 3114 .de
1170 3078 1312 3115 vano
1361 3062 1516 3114 metu
1562 3077 1871 3130 poenarum
1916 3061 2070 3128 apud
2105 3058 2315 3115 inferos
2353 3059 2471 3112 sol-

427 3133 734 3187 vendarum
785 3132 883 3186 cfr.
976 3149 1017 3184 s.
1055 3131 1123 3186 fr.
1155 3136 1256 3185 341
1298 3134 1357 3185 et
1404 3131 1529 3186 Seu.
1569 3149 1655 3200 ep.
1696 3137 1880 3197 24,18
1916 3148 2030 3187 non
2063 3149 2187 3187 sum
2223 3138 2338 3185 tam
2375 3133 2462 3184 in-

428 3211 583 3274 eptus
638 3211 703 3257 ut
748 3204 1086 3271 Epicuream
1139 3203 1475 3258 cantilenam
1527 3204 1627 3257 hoc
1681 3204 1794 3258 loco
1840 3220 2141 3273 persequar
2187 3209 2237 3257 et
2282 3203 2464 3256 dicam

429 3291 602 3330 vanos
638 3291 747 3329 esse
782 3277 1086 3342 inferorum
1121 3280 1319 3341 metus,
1356 3292 1455 3329 nec
1490 3275 1745 3329 Iaeionem
1794 3280 1917 3330 rota
1952 3275 2095 3328 volvi
2130 3290 2228 3328 nec
2261 3291 2464 3329 saxum

427 3347 630 3401 umeris
666 3346 892 3416 Sisyphi
938 3347 1094 3400 tradi
1136 3348 1199 3400 in
1245 3346 1535 3400 adversum
1580 3363 1676 3400 nec
1711 3346 1884 3400 ullius
1919 3347 2126 3400 viscera
2162 3352 2213 3399 et
2248 3344 2465 3399 renasci

421 3434 580 3488 posse
616 3418 812 3472 cotidie
848 3424 901 3472 et
933 3434 1090 3486 carpi
1181 3416 1278 3470 cfr.
1308 3416 1465 3471 Lact.
1496 3416 1606 3471 div.
1635 3417 1766 3471 inst.
1795 3417 1873 3470 111
1893 3422 1977 3484 17,
1998 3421 2066 3468 42
2105 3417 2164 3470 et
2190 3415 2294 3470 VII
2325 3420 2460 3482 ’1,13

430 3489 603 3558 (apud
639 3488 734 3570 .U⁸·
772 3487 808 3541 l.
850 3489 934 3611 eh).
1007 3488 1069 3541 in
1114 3488 1435 3541 universum
1484 3491 1673 3542 autem
1720 3488 1790 3541 de
1838 3488 2246 3543 contemnenda
2282 3490 2461 3541 morte

429 3558 690 3629 inprimis
728 3558 827 3612 cfr.
914 3575 968 3628 p
1009 3574 1097 3628 ep.
1135 3558 1211 3611 ΠΙ
1243 3563 1345 3612 124
1367 3577 1486 3627 sqq.
1527 3561 1585 3612 et
1620 3577 1738 3627 κυρ.
1770 3561 1882 3614 δόξ.
1921 3559 1987 3613 ΙΙ.
