2693 4100
1204 231 1647 295 .-88—

552 391 635 444 fr.
665 389 837 444 XXV
869 388 971 443 col.
1003 388 1042 442 Ι.
1082 388 1438 458 praefatione
1475 388 1651 455 finita,
1690 407 1802 457 qua
1831 404 1889 442 se
1929 390 1999 443 de
2037 407 2252 444 summo
2292 390 2446 444 bono

408 464 666 515 acturum
715 477 834 514 esse
879 460 1157 529 promisit,
1205 460 1292 530 (fr.
1323 460 1504 513 XXHI
1543 459 1646 514 col.
1674 460 1726 513 II
1763 461 1822 514 et
1856 459 1953 530 ΙΠ)
2000 478 2148 515 nunc
2194 461 2447 531 primum

408 531 857 587 adversariorum
886 531 1244 602 (Stoicorum)
1273 532 1447 585 falsas
1478 531 1770 600 opiniones
1801 531 2056 600 dissipat,
2086 534 2185 601 qui
2204 533 2446 588 virtutes

408 622 687 657 summum
722 603 934 657 bonum
971 619 1091 656 esse
1130 605 1376 658 censent.

549 694 597 729 v.
630 674 731 748 2s3
778 678 903 742 περὶ
942 677 1043 740 μὲν
1079 681 1182 742 τῆς
1218 675 1571 745 ἀφροσύνης]
1628 676 1796 728 antea
1831 674 2069 727 fortasse
2108 691 2445 729 commemo-

404 748 550 801 ravit
588 747 902 801 Stoicorum
939 746 1100 799 illam
1138 747 1207 799 de
1245 745 1598 815 sapientibus
1636 749 1695 800 et
1731 745 1920 798 stultis
1959 746 2288 815 doctrinam,
2329 765 2447 814 qua

406 834 597 873 omnes
654 818 753 887 qui
823 817 1135 886 sapientiae
1200 820 1456 887 expertes
1528 818 1667 883 sint,
1738 816 2039 870 stultorum
2093 819 2151 871 in
2209 835 2444 872 numero

403 889 695 944 habendos
733 905 855 943 esse
894 891 1139 943 censent.

547 980 597 1014 v.
630 967 693 1014 12
744 963 776 1015 ὃ
814 964 884 1028 δὴ
924 965 1013 1015 καὶ
1065 962 1267 1029 ἀληθὲς
1304 960 1629 1031 ἐτύνχανεν]
1684 976 1787 1014 vox
1834 962 1902 1013 ἂν
1939 977 2051 1012 non
2091 961 2448 1014 desideratur

408 1032 541 1101 (HK
578 1051 633 1100 p.
655 1034 780 1102 437)
820 1032 919 1085 cfr.
958 1033 1030 1084 ad
1068 1032 1136 1086 fr.
1164 1031 1243 1085 IV
1280 1030 1439 1084 col.I
1474 1050 1524 1084 v,
1549 1036 1633 1085 12.
1687 1047 1884 1085 revera
1923 1031 2071 1084 enim
2107 1048 2297 1086 verum
2337 1034 2443 1101 est,

405 1105 519 1157 sive
566 1105 777 1172 negant
821 1102 910 1155 illi
959 1103 1076 1156 sive
1125 1103 1426 1157 affirmant.
1503 1102 1600 1156 cfr.
1647 1102 1791 1155 talia
1828 1102 2021 1170 qualia
2060 1106 2192 1156 sunt
2227 1106 2443 1158 δίκαιον

403 1179 502 1243 ἦν,
541 1177 687 1240 εἰκὸς
720 1178 808 1242 ἦν.

549 1247 652 1299 001.
681 1244 734 1298 H
769 1264 818 1299 v.
853 1252 879 1297 1
922 1253 1449 1312 συνομογνωμονεῖν
1486 1245 1624 1298 alibi
1662 1247 1882 1298 exstare
1920 1263 2031 1299 non
2067 1246 2304 1300 videtur.

547 1336 596 1370 v,
628 1325 655 1370 7
698 1321 787 1371 καὶ
824 1319 891 1371 οὗ
925 1359 935 1370 .
969 1359 980 1370 .
1014 1358 1025 1369 .
1057 1354 1070 1370 ι.
1104 1360 1114 1370 .
1146 1317 1424 1387 ὀρέγεται]
1478 1318 1609 1369 ante
1657 1319 1725 1370 οὗ
1774 1317 2164 1371 subaudienda
2214 1319 2300 1371 est
2335 1335 2446 1370 vox

400 1396 573 1444 τοῦτο
622 1387 780 1456 (Heb.
830 1391 889 1440 et
938 1386 1063 1439 Kal.
1115 1406 1170 1455 p.
1200 1393 1304 1441 434
1356 1388 1497 1441 haec
1549 1387 1715 1441 aliter
1766 1387 2097 1459 intellegere
2141 1389 2446 1459 videntur).

404 1458 648 1528 exempli
696 1475 866 1512 causa
913 1459 1083 1511 affero
1130 1458 1234 1526 Ep.
1273 1475 1360 1527 ep.
1391 1458 1441 1511 Il
1481 1465 1582 1512 116
1621 1458 1737 1527 (Us.
1767 1477 1820 1526 p.
1853 1465 1920 1512 55
1960 1478 2006 1513 v.
2040 1468 2066 1513 7
2091 1463 2232 1530 sqq.)
2289 1462 2343 1515 οἱ
2380 1463 2446 1516 δὲ

404 1538 585 1586 ταῦτα
626 1534 700 1598 μὴ
740 1530 1237 1596 καταγαπήσαντες
1272 1534 1307 1601 ᾗ
1351 1533 1585 1598 μάλιστα
1617 1532 1739 1584 οὔτ’
1777 1533 1846 1584 ἂν
1875 1534 2020 1586 αὐτὰ
2049 1537 2228 1586 ταῦτα
2258 1536 2448 1597 καλῶς

405 1604 858 1670 συνθεωρήσαιεν
896 1604 1028 1656 οὔτε
1057 1603 1125 1655 οὗ
1156 1605 1342 1656 ἔνεκεν
1381 1605 1463 1656 δεῖ
1501 1607 1731 1669 Θεωρεῖν
1763 1608 1943 1656 ταῦτα
1971 1605 2445 1670 περιεποιήσαντο

404 1675 460 1742 (i.
493 1691 539 1728 e.
579 1677 711 1729 οὔτε
749 1679 919 1728 τοῦτο
948 1675 1414 1740 περιεποιήσαντο
1453 1676 1520 1727 οὗ
1560 1677 1749 1728 ἕνεκεν
1777 1677 1860 1728 δεῖ
1888 1679 2120 1741 θεωρεῖν
2149 1677 2367 1743 ταῦτα).

547 1764 595 1799 v,
627 1751 657 1798 8
698 1744 795 1800 cfr.
826 1745 899 1798 ad
945 1744 1012 1797 fr.
1041 1744 1221 1796 XXIII
1260 1744 1362 1798 col.
1391 1745 1443 1798 11
1480 1763 1527 1798 V.
1563 1753 1609 1799 1.
1648 1777 1717 1784 —-
1756 1747 1896 1799 κατὰ
1942 1749 2008 1800 τὸ
2057 1749 2295 1813 ἔσχατον
2343 1746 2445 1800 cfr.

408 1817 482 1870 ad
517 1817 585 1870 fr.
614 1816 818 1869 XXXV
858 1816 960 1869 col.
990 1815 1043 1868 H
1081 1834 1126 1870 v.
1159 1821 1189 1868 9
1213 1833 1334 1885 sqq.

544 1906 594 1942 v,
625 1894 798 1956 9sqq.
847 1887 919 1940 ad
965 1903 1084 1940 rem
1131 1887 1229 1941 cfr.
1267 1887 1372 1958 Ep.
1411 1904 1497 1956 ep.
1528 1886 1605 1940 ΠΙ
1654 1892 1952 1941 128-129
2001 1893 2090 1942 καὶ
2142 1890 2231 1942 διὰ
2268 1894 2444 1943 τοῦτο

402 1963 510 2026 τὴν
546 1963 761 2026 ἡδονὴν
799 1962 975 2026 ἀρχὴν
1015 1961 1103 2013 καὶ
1148 1961 1307 2024 τέλος
1353 1963 1494 2014 εἶναι
1539 1962 1774 2025 λέγομεν
1821 1962 1962 2014 εἶναι
2007 1966 2108 2014 τοῦ
2159 1961 2448 2028 μακαρίως

406 2036 509 2100 Ζῆν
547 2033 605 2085 et
640 2030 736 2085 Us.
765 2030 833 2085 fr.
864 2035 965 2084 397
990 2047 1109 2098 sqq.
2323 2065 2326 2068 Δ

544 2121 598 2156 v.
631 2109 693 2156 11
719 2120 837 2170 sqq.
876 2108 1045 2157 πᾶσιν
1083 2104 1308 2170 Ἕλλησι
1345 2106 1436 2157 καὶ
1475 2104 1769 2170 βαρβάροις
1807 2105 1947 2169 μέγα
1976 2104 2215 2173 ἐνβοῶν]
2268 2103 2444 2157 Puta-

400 2175 544 2227 veris
573 2174 884 2244 Diogenem
922 2174 1163 2227 eundem
1201 2174 1531 2241 scriptorem
1568 2176 1699 2227 ante
1738 2174 1927 2228 oculos
1960 2175 2228 2228 habuisse
2266 2177 2443 2241 atque

404 2245 752 2312 Ciceronem,
801 2246 898 2312 qui
945 2246 1015 2298 de
1061 2245 1154 2298 fin.
1193 2244 1245 2298 H
1275 2252 1359 2311 15,
1389 2250 1475 2311 49,
1523 2262 1649 2299 cum
1703 2246 1772 2299 de
1811 2246 2010 2299 eadem
2044 2262 2107 2299 re
2143 2247 2297 2314 agat,
2332 2246 2443 2299 hoc

404 2317 568 2371 dicit:
618 2318 976 2386 philosophus
1019 2318 1238 2383 nobilis,
1288 2335 1325 2370 a
1364 2334 1468 2385 quo
1504 2334 1619 2371 nou
1658 2318 1837 2371 solum
1879 2318 2114 2372 Graecia
2160 2323 2211 2371 et
2245 2318 2445 2382 Italia,

401 2390 495 2443 sed
532 2391 696 2443 etiam
732 2390 909 2443 omnis
946 2389 1210 2443 barbaria
1247 2395 1512 2443 commota
1548 2394 1641 2455 est,
1677 2389 1958 2443 honestum
1995 2389 2130 2457 quid
2165 2389 2254 2455 sit,
2291 2391 2342 2442 si
2378 2389 2444 2441 id

404 2477 518 2515 nou
554 2462 629 2514 sit
665 2462 728 2513 iu
763 2461 1065 2528 voluptate,
1111 2466 1274 2529 ueyat
1309 2476 1364 2514 se
1401 2461 1719 2530 iutelleyere,
1757 2462 1870 2514 ‘nisi
1904 2461 2044 2526 forte
2080 2460 2249 2526 illud,
2296 2461 2444 2528 quod

404 2532 782 2585 multitudinis
817 2547 1032 2585 rumore
1069 2531 1340 2585 laudetur.

547 2621 593 2657 v.
627 2608 693 2655 13
734 2605 874 2669 μέγα
912 2604 1148 2671 ἑνβοῶν]
1205 2601 1481 2670 Epicurus
1519 2618 1742 2670 quoque
1770 2618 1969 2671 graves
1996 2619 2158 2656 voces
2196 2602 2445 2656 libenter

408 2673 658 2727 adhibet.
733 2673 866 2726 huic
905 2672 1114 2726 similia
1153 2675 1284 2726 sunt
1319 2689 1466 2741 quae
1502 2673 1805 2726 traduntur
1842 2673 1994 2742 apud
2032 2672 2143 2727 Cic.
2184 2673 2254 2726 de
2291 2673 2384 2727 fin.
2413 2672 2441 2725 Ι

404 2749 497 2809 18,
537 2751 603 2798 57
656 2748 714 2799 cl
725 2752 902 2799 amat
960 2746 1243 2815 Epicurus
1291 2787 1303 2798 .
1335 2786 1346 2798 .
1381 2787 1392 2797 .
1425 2786 1436 2797 .
1485 2761 1598 2798 ‘nou
1657 2762 1814 2813 posse
1865 2746 2103 2799 iucunde
2158 2747 2271 2799 vivi
2324 2746 2443 2799 uisi

401 2818 677 2884 sapienter
706 2857 923 2882 ......
963 2818 1020 2869 et
1051 2816 1174 2870 Sen.
1216 2816 1285 2870 de
1321 2816 1442 2869 vita
1485 2815 1658 2870 beata
1685 2815 1752 2882 X,
1785 2822 1812 2868 1
1867 2817 2011 2870 clare
2060 2815 2249 2883 inquit
2285 2816 2438 2885 (Epi-

407 2889 592 2956 curus)
632 2904 699 2941 ac
724 2889 923 2956 palam
960 2894 1137 2954 testor,
1173 2890 1317 2942 hauc
1354 2889 1550 2954 vitam,
1597 2905 1762 2955 quam
1807 2905 1900 2957 090
1946 2888 2248 2942 iucundam
2293 2904 2440 2953 0000,

401 2975 517 3014 uon
551 2960 671 3013 siue
709 2961 924 3013 adiecta
960 2962 1158 3014 virtute
1194 2960 1516 3029 contingere.
1584 2958 1681 3012 cfr.
1711 2959 1885 3012 etiam
1914 2958 2008 3012 Us.
2028 2958 2094 3011 fr.
2117 2964 2182 3011 67
2226 2959 2435 3028 μεγάλῃ

401 3038 471 3099 τῇ
532 3038 714 3100 φωνῇ.
800 3046 931 3084 voce
979 3035 1117 3097 βοᾶν
1170 3030 1352 3082 utitur
1404 3029 1680 3098 Epicurus
1727 3029 1792 3083 fr.
1834 3036 1937 3083 200
1984 3031 2443 3098 ἀφυσιολόγητον

404 3103 578 3169 μηδὲν
605 3105 748 3168 ήγοῠ
789 3104 1011 3170 βοώσης
1036 3107 1138 3169 τῆς
1167 3106 1373 3168 σαρκὸς
1400 3106 1537 3167 βοᾶν
1565 3105 1672 3169 τὴν
1708 3103 1913 3169 ψυχήν.
1973 3100 2068 3153 cfr.
2099 3102 2258 3155 Lucr.
2287 3101 2341 3154 H
2372 3107 2436 3153 17

401 3173 546 3227 nihil
582 3174 739 3228 aliud
775 3174 883 3228 sibi
917 3180 1179 3227 naturam
1218 3175 1437 3227 latrare.

548 3243 648 3297 col.
696 3244 774 3298 HI
827 3264 877 3298 v.
930 3250 1100 3298 1—3.
1201 3244 1409 3298 Facete
1462 3243 1586 3296 vult
1639 3242 1820 3311 loqui:
1907 3242 2081 3296 Stoici
2134 3243 2441 3297 virtutibus

403 3315 694 3369 molestias
733 3316 1017 3381 exhibent,
1056 3333 1181 3370 cum
1221 3332 1315 3369 eas
1356 3317 1563 3385 cogant
1601 3315 1791 3368 sedem
1827 3318 2062 3368 mutare.

543 3405 594 3440 v.
626 3392 657 3439 6
680 3404 799 3456 sqq.
839 3386 936 3441 cfr.
968 3386 1078 3440 Cic.
1110 3386 1271 3441 Tusc.
1301 3387 1382 3440 111
1411 3391 1494 3452 18,
1524 3391 1592 3439 42
1642 3385 1756 3455 (Us.
1789 3386 1854 3439 fr.
1886 3391 1953 3448 69
1992 3386 2267 3453 Epicurus
2316 3385 2439 3452 ipse

403 3457 655 3525 loquitur
700 3457 761 3510 in
805 3458 951 3512 libro
996 3461 1136 3525 Περὶ
1174 3461 1421 3527 φύσεως)
1469 3460 1567 3525 qui
1608 3459 1661 3511 si
1705 3460 1932 3512 virtutes
1985 3459 2208 3512 ebullire
2261 3458 2437 3510 volent

402 3536 452 3583 et
477 3531 799 3598 sapientias,
829 3531 971 3583 nihil
990 3531 1147 3584 aliud
1167 3530 1348 3584 dicent
1364 3532 1478 3583 πίει·
1496 3546 1616 3582 eam
1633 3529 1834 3594 viam,
1864 3546 1992 3597 qua
2021 3529 2441 3595 efficiantur

401 3616 494 3654 eae
529 3603 832 3669 voluptates
868 3618 1007 3669 quas
1050 3617 1224 3669 supra
1261 3601 1399 3655 ‹lix-i.
1476 3600 1730 3654 Virtutes
1779 3600 2086 3653 secundum
2133 3599 2439 3667 Epicureos
