2693 4100
1099 229 1559 297 -XLm-

352 402 413 457 7.
459 398 722 457 Neutri
781 401 1013 476 generis
1076 398 1309 457 numeri
1373 399 1627 473 pluralis
1701 399 1972 458 subiecto
2027 400 2346 475 respondet

460 488 630 546 verbi
684 507 920 563 quoque
974 506 1255 546 numerus
1310 488 1591 562 pluralis,
1646 487 1940 563 siquidem
1993 491 2151 546 recte
2207 507 2343 563 sup-

459 577 660 653 pletur
704 577 775 637 fr.
815 577 899 634 IX
930 579 967 635 9
1024 580 1085 635 et
1128 578 1200 636 fr.
1239 576 1462 634 XXXV
1518 577 1627 636 col.
1665 576 1697 634 I
1736 578 1791 638 6.
1883 595 2025 636 usus
2072 577 2345 636 Homeri-

466 684 570 725 cus
619 669 680 724 et
714 668 1000 742 vulgaris,
1049 668 1152 741 qui
1187 669 1393 724 tamen
1428 685 1547 724 non
1593 686 1918 741 numquam
1956 668 2138 725 etiam
2186 666 2344 741 apud

466 755 878 830 Thucydidem
919 759 981 815 et
1015 755 1471 832 Xenophontem
1506 757 1825 814 invenitur.
1887 757 1953 812 in
1989 755 2106 813 NT
2144 757 2346 832 singu·-

464 844 609 902 laris
670 847 729 903 et
783 844 1038 920 pluralis
1092 863 1373 903 numerus
1430 844 1599 902 verbi
1651 846 2059 903 inconstanter
2107 844 2346 905 variant

464 936 535 992 ut
571 933 737 1009 apud
762 933 1110 1006 Homerum,
1147 933 1251 991 cfr.
1288 933 1465 992 Blass
1502 934 1539 990 l.
1573 951 1619 992 c.
1648 954 1705 1008 p.
1740 935 1773 990 7
1786 936 1819 991 7
1843 952 1955 1009 sq.;
1986 935 2070 992 sic
2099 936 2160 991 et
2188 934 2347 1008 apud

465 1022 782 1082 Aristeam.
890 1023 1108 1098 papyri
1170 1042 1425 1097 quoque,
1462 1023 1701 1096 saepius
1755 1023 2052 1097 pluralem
2106 1023 2347 1096 habent,

463 1112 534 1169 ut
595 1112 737 1188 Pap.
804 1113 1039 1190 magica
1104 1111 1192 1169 ed.
1259 1111 1567 1170 Dieterich
1625 1112 1733 1170 col.
1784 1110 1901 1170 ΧΠ
1952 1114 1987 1169 2
2054 1105 2348 1184 ὀνόματά

471 1196 650 1260 εἰσιν.
770 1199 930 1276 apud
1001 1199 1321 1259 Atticistas
1404 1220 1639 1276 quoque
1718 1200 1971 1277 pluralis
2045 1201 2350 1260 invenitur

465 1281 598 1370 (cfr.
649 1289 1018 1349 Schmidium
1062 1290 1101 1348 1.
1132 1308 1180 1348 c.
1218 1289 1304 1347 IV
1341 1310 1399 1364 p.
1434 1282 1609 1370 632),
1658 1291 1763 1365 qui
1807 1289 1984 1348 hodie
2031 1308 2067 1347 a
2106 1288 2347 1351 Graecis

463 1378 624 1438 solus
671 1379 1003 1437 adhibetur.

355 1468 417 1525 8.
462 1467 872 1526 Perfectum
924 1486 1033 1543 pro
1091 1470 1404 1544 praesente
1456 1467 1528 1527 fr.
1567 1466 1629 1524 H
1675 1467 1783 1526 col.
1813 1467 1869 1524 V
1909 1469 1946 1525 9
1996 1464 2345 1541 διαβέβηκε,

464 1557 536 1614 fr.
574 1556 772 1613 XXVI
829 1557 938 1615 col.
976 1556 1007 1614 I
1050 1558 1131 1614 14
1188 1553 1503 1628 πέπονθε,
1561 1556 1631 1613 fr.
1670 1556 1986 1614 XXXVIII
2032 1557 2140 1614 col.
2180 1556 2272 1615 III
2307 1559 2344 1614 9

467 1640 968 1716 ἀποδεδωκέναι,
1008 1664 1117 1722 pro
1157 1647 1379 1705 aoristo
1416 1644 1667 1702 XXXIX
1699 1645 1808 1704 eol.
1837 1645 1900 1703 H
1933 1648 1966 1703 7
2010 1641 2345 1719 ἐκπολιορ-

466 1732 774 1807 κηθέντος
1037 1731 1140 1793 καὶ
1201 1730 1736 1808 καταβεβηκότος.
1825 1733 2161 1793 infinitivus
2215 1753 2345 1809 per-

464 1825 611 1883 fecti
655 1843 764 1899 pro
811 1824 1110 1882 infinitivo
1149 1824 1361 1883 aoristi
1395 1823 1652 1882 libenter
1685 1825 1932 1898 ponitur
1968 1824 2152 1881 etiam
2189 1824 2349 1898 apud

462 1913 779 1972 Atticistas
808 1917 945 1987 post
976 1909 1094 1987 χρή
1126 1917 1187 1971 et
1214 1913 1438 1971 similia
1465 1912 1660 1987 verba,
1690 1913 1794 1971 cfr.
1825 1911 2199 1987 Schmidium
2228 1912 2268 1970 1.
2298 1930 2346 1970 c.

465 2001 553 2060 IV
597 2021 654 2079 p.
687 2003 842 2076 617,
899 2001 1002 2074 sed
1048 2003 1367 2078 scriptores
1422 2000 1699 2079 vulgares
1756 2001 1938 2061 etiam
1984 2001 2147 2060 ultra
2192 2002 2347 2061 hanc

464 2091 789 2150 formulam
825 2093 1090 2166 perfecto
1130 2091 1460 2150 abutuntur
1494 2094 1567 2148 ut
1613 2091 1882 2150 Aristeas
1930 2110 2056 2167 cap.
2091 2093 2167 2149 21
2231 2087 2348 2151 οὐκ

467 2176 800 2254 ἄχρηστον
848 2176 1062 2255 οἴομαι
1119 2177 1697 2254 κατακεχωρίσθαι,
1745 2199 1872 2256 cap.
1918 2184 1949 2238 1
2012 2176 2117 2239 διὰ
2154 2176 2229 2238 τὸ
2270 2179 2350 2239 σὲ

360 2339 363 2342 ,
466 2266 614 2343 περὶ
660 2268 910 2330 πολλοῦ
958 2269 1351 2343 πεποιῆσθαι
1398 2265 1922 2342 ὑπομιμνήσκειν,
1970 2267 2164 2328 Greek
2209 2288 2346 2345 pap.

467 2358 618 2433 Brit.
679 2358 830 2417 Mus.
892 2358 921 2415 I
979 2378 1037 2433 p.
1084 2360 1168 2417 30
1258 2356 1339 2418 σὲ
1393 2356 1465 2416 δὲ
1524 2356 1719 2431 μηδὲν
1778 2358 2170 2432 τεθυμῆσθαι
2232 2357 2348 2416 τοῦ

468 2445 950 2521 παραγενέσθαι
1008 2443 1149 2521 μηδ’
1206 2442 1674 2521 ἐνβεβλοφέναι
1732 2442 1823 2520 εἰς
1869 2445 1986 2521 τὴν
2033 2442 2349 2521 ἡμετέραν

470 2532 873 2610 περίστασιν.
967 2535 1083 2595 Sed
1129 2554 1247 2595 non
1296 2535 1457 2594 solus
1502 2535 1836 2595 infinitivus
1882 2538 1972 2594 ita
2018 2535 2351 2609 adhibetur,

469 2627 572 2684 cfr.
653 2643 806 2701 quae
881 2626 1091 2683 dicunt
1171 2625 1439 2683 Blassius
1520 2624 1558 2681 1.
1607 2643 1653 2683 ο.
1738 2645 1795 2701 p.
1848 2626 1999 2699 195,
2070 2624 2349 2684 Lehrsius

469 2718 685 2786 quaest.
753 2717 946 2787 epicae
1007 2734 1065 2790 p.
1117 2716 1240 2772 276
1317 2713 1718 2772 Pindarschol.
1802 2735 1862 2789 p.
1914 2716 2025 2788 47,
2089 2714 2350 2773 Dielsius

467 2802 726 2877 Dooeoyr.
786 2804 932 2876 256,
987 2802 1283 2879 imprimis
1338 2802 1777 2861 Radermacher
1832 2803 1908 2861 ad
1961 2802 2221 2862 Demetr.
2279 2803 2349 2860 de

472 2892 615 2951 eloe.
663 2912 720 2968 p.
752 2893 856 2950 85.
921 2892 1223 2967 exemplar
1258 2892 1384 2950 eius
1420 2892 1690 2950 luxuriae
1727 2891 2015 2967 praebent
2053 2891 2351 2950 Timothei

472 2979 691 3039 Gazaei
737 2985 1011 3057 excerpta
1059 2979 1365 3040 Constant.
1415 2980 1502 3038 ed.
1546 2980 1833 3039 Lambros
1880 2972 2118 3061 (Suppl.
2165 2981 2348 3039 Arist.

471 3088 558 3129 ac.
603 3070 742 3129 Bor.
790 3070 821 3128 I
853 3075 883 3128 1
918 3071 1053 3129 Ber.
1106 3063 1327 3153 1885).

364 3162 424 3219 9.
469 3160 819 3234 Tempora
846 3161 1171 3219 miscentur
1195 3160 1269 3219 fr.
1297 3158 1549 3217 XXXIX
1577 3160 1688 3217 col.
1708 3158 1767 3216 II
1790 3160 1827 3216 3
1859 3160 1921 3217 et
1940 3159 1999 3233 8,
2025 3159 2098 3216 fr.
2128 3157 2349 3214 XXXV

471 3248 581 3308 eol.
609 3247 673 3306 11
713 3250 748 3306 6
790 3251 851 3306 et
889 3246 943 3305 8.
1038 3267 1109 3305 ex
1153 3248 1270 3306 NT
1318 3251 1493 3307 notat
1538 3248 1712 3307 Blass
1757 3248 1796 3304 1.
1827 3266 1874 3306 c.
1922 3246 2169 3323 Apocal.
2220 3247 2277 3320 5,
2312 3250 2345 3305 7

471 3331 627 3410 ἦλθε
673 3334 777 3396 καὶ
824 3332 1077 3412 εἴληφε;
1130 3335 1186 3411 8,
1226 3338 1291 3413 53
1344 3339 1399 3411 7,
1442 3339 1551 3411 143
1602 3339 1704 3411 19,
1744 3338 1809 3410 33
1856 3336 2070 3395 Matth.
2105 3337 2206 3410 13,
2235 3338 2350 3410 463

471 3426 606 3485 Jak.
668 3429 732 3500 1,
776 3428 886 3499 243
949 3428 1186 3502 saepius
1243 3428 1474 3485 exstare
1529 3425 1795 3500 videtur,
1850 3429 1919 3483 ut
1972 3425 2107 3485 Joh.
2157 3426 2225 3499 3,
2265 3427 2345 3483 32

473 3510 717 3588 ἑώρακε
764 3512 867 3574 καὶ
911 3510 1170 3589 ἤκουσε.
1235 3515 1508 3574 Aristeas
1565 3533 1801 3590 quoque
1848 3514 1995 3573 dicit
2050 3532 2178 3590 cap.
2222 3517 2346 3572 173

471 3598 907 3678 ἠσπασάμεθα
955 3652 966 3663 .
999 3652 1010 3663 .
1043 3652 1055 3664 .
1088 3651 1100 3663 .
1150 3602 1252 3664 καὶ
1300 3650 1312 3663 .
1345 3651 1358 3663 .
1390 3651 1403 3663 .
1435 3651 1448 3663 .
1507 3598 2037 3677 ἀποδεδώκαμεν,
2094 3622 2222 3678 cap.
2262 3605 2348 3662 40
