<?xml version="1.0" encoding="UTF-8"?>
<!DOCTYPE html PUBLIC "-//W3C//DTD XHTML 1.0 Transitional//EN"
    "http://www.w3.org/TR/xhtml1/DTD/xhtml1-transitional.dtd">
<html xmlns="http://www.w3.org/1999/xhtml" xml:lang="en" lang="en">
 <head>
  <title>
</title>
<meta http-equiv="Content-Type" content="text/html;charset=utf-8" />
  <meta name='ocr-system' content='tesseract 3.04.00' />
  <meta name='ocr-capabilities' content='ocr_page ocr_carea ocr_par ocr_line ocrx_word'/>
</head>
<body>
  <div class='ocr_page' id='page_1' title='image "./diogenisoenoand00oenogoog_0045.png"; bbox 0 0 2693 4100; ppageno 0'>
   <div class='ocr_carea' id='block_1_1' title="bbox 1104 274 1511 329">
    <p class='ocr_par' dir='ltr' id='par_1_1' title="bbox 1104 274 1511 329">
     <span class='ocr_line' id='line_1_1' title="bbox 1104 274 1511 329; baseline 0 -13"><span class='ocrx_word' id='word_1_1' title='bbox 1104 274 1511 329; x_wconf 73' lang='lat' dir='ltr'>-XLI-</span> 
     </span>
    </p>
   </div>
   <div class='ocr_carea' id='block_1_2' title="bbox 362 443 2327 882">
    <p class='ocr_par' dir='ltr' id='par_1_2' title="bbox 362 443 2327 882">
     <span class='ocr_line' id='line_1_2' title="bbox 444 443 2327 518; baseline -0.001 -17"><span class='ocrx_word' id='word_1_2' title='bbox 444 444 636 504; x_wconf 82' lang='lat' dir='ltr'><strong>altera</strong></span> <span class='ocrx_word' id='word_1_3' title='bbox 707 443 1026 503; x_wconf 70' lang='lat' dir='ltr'><strong>secundum</strong></span> <span class='ocrx_word' id='word_1_4' title='bbox 1088 445 1316 518; x_wconf 78' lang='lat' dir='ltr'><strong>aliquid</strong></span> <span class='ocrx_word' id='word_1_5' title='bbox 1390 445 1524 505; x_wconf 79' lang='lat' dir='ltr'><strong>orta</strong></span> <span class='ocrx_word' id='word_1_6' title='bbox 1587 463 1713 504; x_wconf 87' lang='lat' dir='ltr'><strong>esse</strong></span> <span class='ocrx_word' id='word_1_7' title='bbox 1777 444 2014 505; x_wconf 77' lang='lat' dir='ltr'><strong>videtur</strong></span> <span class='ocrx_word' id='word_1_8' title='bbox 2087 446 2146 502; x_wconf 79' lang='lat' dir='ltr'><strong>et</strong></span> <span class='ocrx_word' id='word_1_9' title='bbox 2205 443 2327 501; x_wconf 81' lang='lat' dir='ltr'><strong>iam</strong></span> 
     </span>
     <span class='ocr_line' id='line_1_3' title="bbox 445 533 2327 609; baseline -0.002 -17"><span class='ocrx_word' id='word_1_10' title='bbox 445 534 604 609; x_wconf 77' lang='lat' dir='ltr'><strong>apud</strong></span> <span class='ocrx_word' id='word_1_11' title='bbox 659 533 1068 609; x_wconf 78' lang='lat' dir='ltr'><strong>Thucydidem</strong></span> <span class='ocrx_word' id='word_1_12' title='bbox 1123 534 1332 607; x_wconf 87' lang='lat' dir='ltr'><strong>semel,</strong></span> <span class='ocrx_word' id='word_1_13' title='bbox 1389 533 1548 609; x_wconf 83' lang='lat' dir='ltr'><strong>apud</strong></span> <span class='ocrx_word' id='word_1_14' title='bbox 1603 536 1870 593; x_wconf 77' lang='lat' dir='ltr'><strong>oratores</strong></span> <span class='ocrx_word' id='word_1_15' title='bbox 1925 533 2162 593; x_wconf 75' lang='lat' dir='ltr'><strong>Atticos</strong></span> <span class='ocrx_word' id='word_1_16' title='bbox 2218 533 2327 590; x_wconf 81' lang='lat' dir='ltr'><strong>ali-</strong></span> 
     </span>
     <span class='ocr_line' id='line_1_4' title="bbox 442 620 2320 698; baseline -0.001 -19"><span class='ocrx_word' id='word_1_17' title='bbox 442 623 675 698; x_wconf 77' lang='lat' dir='ltr'><strong>quoties</strong></span> <span class='ocrx_word' id='word_1_18' title='bbox 738 624 1063 697; x_wconf 79' lang='lat' dir='ltr'><strong>invenitur,</strong></span> <span class='ocrx_word' id='word_1_19' title='bbox 1137 622 1239 681; x_wconf 88' lang='lat' dir='ltr'><strong>cfr.</strong></span> <span class='ocrx_word' id='word_1_20' title='bbox 1303 620 1780 683; x_wconf 73' lang='lat' dir='ltr'><strong>Kiihner-Gerth</strong></span> <span class='ocrx_word' id='word_1_21' title='bbox 1850 622 1955 682; x_wconf 78' lang='lat' dir='ltr'><strong>Gr.</strong></span> <span class='ocrx_word' id='word_1_22' title='bbox 2004 622 2110 681; x_wconf 76' lang='lat' dir='ltr'><strong>Gr.</strong></span> <span class='ocrx_word' id='word_1_23' title='bbox 2166 621 2229 679; x_wconf 87' lang='lat' dir='ltr'>H</span> <span class='ocrx_word' id='word_1_24' title='bbox 2287 624 2320 679; x_wconf 92' lang='lat'>1</span> 
     </span>
     <span class='ocr_line' id='line_1_5' title="bbox 441 711 2325 787; baseline 0 -18"><span class='ocrx_word' id='word_1_25' title='bbox 441 732 498 787; x_wconf 88' lang='lat' dir='ltr'><strong>p.</strong></span> <span class='ocrx_word' id='word_1_26' title='bbox 531 713 676 771; x_wconf 86' lang='lat'><strong>513.</strong></span> <span class='ocrx_word' id='word_1_27' title='bbox 769 714 863 771; x_wconf 87' lang='lat' dir='ltr'><strong>sin</strong></span> <span class='ocrx_word' id='word_1_28' title='bbox 917 715 1122 772; x_wconf 77' lang='lat' dir='ltr'><strong>autem</strong></span> <span class='ocrx_word' id='word_1_29' title='bbox 1177 713 1241 769; x_wconf 90' lang='lat' dir='ltr'><strong>in</strong></span> <span class='ocrx_word' id='word_1_30' title='bbox 1292 712 1409 770; x_wconf 78' lang='lat' dir='ltr'><strong>tali</strong></span> <span class='ocrx_word' id='word_1_31' title='bbox 1462 714 1761 771; x_wconf 76' lang='lat' dir='ltr'><strong>sententia</strong></span> <span class='ocrx_word' id='word_1_32' title='bbox 1817 712 2013 787; x_wconf 81' lang='lat' dir='ltr'><strong>qualis</strong></span> <span class='ocrx_word' id='word_1_33' title='bbox 2068 714 2160 770; x_wconf 76' lang='lat' dir='ltr'><strong>est</strong></span> <span class='ocrx_word' id='word_1_34' title='bbox 2210 711 2325 769; x_wconf 90' lang='lat' dir='ltr'><strong>De-</strong></span> 
     </span>
     <span class='ocr_line' id='line_1_6' title="bbox 362 792 2324 882; baseline 0 -24"><span class='ocrx_word' id='word_1_35' title='bbox 362 853 367 857; x_wconf 87' lang='lat'>.</span> <span class='ocrx_word' id='word_1_36' title='bbox 441 801 811 860; x_wconf 79' lang='lat' dir='ltr'><strong>mosthenica</strong></span> <span class='ocrx_word' id='word_1_37' title='bbox 864 801 974 860; x_wconf 83' lang='lat' dir='ltr'><strong>illa</strong></span> <span class='ocrx_word' id='word_1_38' title='bbox 1032 792 1129 881; x_wconf 89' lang='lat'><strong>(4,</strong></span> <span class='ocrx_word' id='word_1_39' title='bbox 1171 793 1311 882; x_wconf 87' lang='lat'>11):</span> <span class='ocrx_word' id='word_1_40' title='bbox 1370 797 1526 861; x_wconf 83' lang='grc' dir='ltr'>οὐδὲ</span> <span class='ocrx_word' id='word_1_41' title='bbox 1581 796 1777 874; x_wconf 84' lang='grc' dir='ltr'>οὗτος</span> <span class='ocrx_word' id='word_1_42' title='bbox 1825 797 2002 875; x_wconf 85' lang='grc' dir='ltr'>παρὰ</span> <span class='ocrx_word' id='word_1_43' title='bbox 2047 798 2165 873; x_wconf 88' lang='grc' dir='ltr'><strong>τὴν</strong></span> <span class='ocrx_word' id='word_1_44' title='bbox 2212 796 2324 858; x_wconf 85' lang='grc' dir='ltr'><strong>αὑ-</strong></span> 
     </span>
    </p>
   </div>
   <div class='ocr_carea' id='block_1_3' title="bbox 320 884 2325 965">
    <p class='ocr_par' dir='ltr' id='par_1_3' title="bbox 320 884 2325 965">
     <span class='ocr_line' id='line_1_7' title="bbox 320 884 2325 965; baseline -0.001 -16"><span class='ocrx_word' id='word_1_45' title='bbox 320 956 325 961; x_wconf 46' lang='grc'>,</span> <span class='ocrx_word' id='word_1_46' title='bbox 443 889 558 949; x_wconf 83' lang='grc' dir='ltr'><strong>τοῦ</strong></span> <span class='ocrx_word' id='word_1_47' title='bbox 622 885 850 965; x_wconf 78' lang='grc' dir='ltr'>ῥώμην</span> <span class='ocrx_word' id='word_1_48' title='bbox 919 890 1245 950; x_wconf 84' lang='grc' dir='ltr'>τοσοῦτον</span> <span class='ocrx_word' id='word_1_49' title='bbox 1321 885 1668 964; x_wconf 81' lang='grc' dir='ltr'>ἐπηύξηται</span> <span class='ocrx_word' id='word_1_50' title='bbox 1734 884 1900 950; x_wconf 90' lang='grc' dir='ltr'>ὅσον</span> <span class='ocrx_word' id='word_1_51' title='bbox 1965 886 2141 964; x_wconf 88' lang='grc' dir='ltr'>παρὰ</span> <span class='ocrx_word' id='word_1_52' title='bbox 2207 887 2325 962; x_wconf 88' lang='grc' dir='ltr'><strong>τὴν</strong></span> 
     </span>
    </p>
   </div>
   <div class='ocr_carea' id='block_1_4' title="bbox 375 974 2325 1411">
    <p class='ocr_par' dir='ltr' id='par_1_4' title="bbox 375 974 2325 1411">
     <span class='ocr_line' id='line_1_8' title="bbox 375 974 2325 1053; baseline -0.003 -12"><span class='ocrx_word' id='word_1_53' title='bbox 375 1039 378 1041; x_wconf 12' lang='grc' dir='ltr'><strong>Α</strong></span> <span class='ocrx_word' id='word_1_54' title='bbox 438 974 755 1053; x_wconf 82' lang='grc' dir='ltr'>ἡμετέραν</span> <span class='ocrx_word' id='word_1_55' title='bbox 812 974 1114 1053; x_wconf 76' lang='grc' dir='ltr'>ἀμέλειαν</span> <span class='ocrx_word' id='word_1_56' title='bbox 1179 998 1298 1038; x_wconf 93' lang='lat' dir='ltr'><strong>non</strong></span> <span class='ocrx_word' id='word_1_57' title='bbox 1360 979 1515 1038; x_wconf 74' lang='lat' dir='ltr'><strong>actio</strong></span> <span class='ocrx_word' id='word_1_58' title='bbox 1577 980 1702 1039; x_wconf 87' lang='lat' dir='ltr'><strong>sive</strong></span> <span class='ocrx_word' id='word_1_59' title='bbox 1766 982 1984 1038; x_wconf 77' lang='lat' dir='ltr'><strong>natura</strong></span> <span class='ocrx_word' id='word_1_60' title='bbox 2048 978 2325 1050; x_wconf 79' lang='lat' dir='ltr'><strong>hominiS,</strong></span> 
     </span>
     <span class='ocr_line' id='line_1_9' title="bbox 440 1067 2322 1144; baseline 0.001 -18"><span class='ocrx_word' id='word_1_61' title='bbox 440 1087 547 1142; x_wconf 90' lang='lat' dir='ltr'><strong>per</strong></span> <span class='ocrx_word' id='word_1_62' title='bbox 600 1087 782 1144; x_wconf 74' lang='lat' dir='ltr'><strong>quam</strong></span> <span class='ocrx_word' id='word_1_63' title='bbox 829 1068 1061 1144; x_wconf 83' lang='lat' dir='ltr'><strong>aliquid</strong></span> <span class='ocrx_word' id='word_1_64' title='bbox 1104 1068 1200 1143; x_wconf 78' lang='lat' dir='ltr'><strong>fit,</strong></span> <span class='ocrx_word' id='word_1_65' title='bbox 1248 1067 1353 1127; x_wconf 86' lang='lat' dir='ltr'><strong>sed</strong></span> <span class='ocrx_word' id='word_1_66' title='bbox 1398 1069 1575 1128; x_wconf 93' lang='lat' dir='ltr'><strong>homo</strong></span> <span class='ocrx_word' id='word_1_67' title='bbox 1620 1070 1750 1143; x_wconf 89' lang='lat' dir='ltr'><strong>ipse</strong></span> <span class='ocrx_word' id='word_1_68' title='bbox 1796 1068 2160 1142; x_wconf 79' lang='lat' dir='ltr'><strong>nominatur,</strong></span> <span class='ocrx_word' id='word_1_69' title='bbox 2208 1070 2322 1127; x_wconf 87' lang='lat' dir='ltr'><strong>ori·</strong></span> 
     </span>
     <span class='ocr_line' id='line_1_10' title="bbox 439 1151 2323 1240; baseline 0 -26"><span class='ocrx_word' id='word_1_70' title='bbox 439 1159 540 1214; x_wconf 78' lang='lat' dir='ltr'><strong>tur</strong></span> <span class='ocrx_word' id='word_1_71' title='bbox 577 1157 868 1218; x_wconf 89' lang='lat' dir='ltr'><strong>eiusmodi</strong></span> <span class='ocrx_word' id='word_1_72' title='bbox 905 1157 1195 1217; x_wconf 75' lang='lat' dir='ltr'><strong>orationis</strong></span> <span class='ocrx_word' id='word_1_73' title='bbox 1231 1158 1459 1217; x_wconf 83' lang='lat' dir='ltr'><strong>forma:</strong></span> <span class='ocrx_word' id='word_1_74' title='bbox 1506 1153 1661 1217; x_wconf 81' lang='grc' dir='ltr'>οὐδὲ</span> <span class='ocrx_word' id='word_1_75' title='bbox 1699 1152 1894 1231; x_wconf 85' lang='grc' dir='ltr'>οὗτος</span> <span class='ocrx_word' id='word_1_76' title='bbox 1933 1152 2082 1231; x_wconf 77' lang='grc' dir='ltr'>παρ’</span> <span class='ocrx_word' id='word_1_77' title='bbox 2124 1151 2323 1240; x_wconf 71' lang='grc' dir='ltr'>αὑτὸν</span> 
     </span>
     <span class='ocr_line' id='line_1_11' title="bbox 440 1241 2322 1322; baseline -0.001 -17"><span class='ocrx_word' id='word_1_78' title='bbox 440 1246 765 1306; x_wconf 83' lang='grc' dir='ltr'>τοσοῦτον</span> <span class='ocrx_word' id='word_1_79' title='bbox 824 1242 1168 1322; x_wconf 79' lang='grc' dir='ltr'>ἐπηύξηται</span> <span class='ocrx_word' id='word_1_80' title='bbox 1225 1241 1393 1306; x_wconf 89' lang='grc' dir='ltr'>ὅσον</span> <span class='ocrx_word' id='word_1_81' title='bbox 1450 1242 1598 1320; x_wconf 77' lang='grc' dir='ltr'>παρ’</span> <span class='ocrx_word' id='word_1_82' title='bbox 1646 1242 1830 1322; x_wconf 86' lang='grc' dir='ltr'><strong>ἡμᾶς.</strong></span> <span class='ocrx_word' id='word_1_83' title='bbox 1904 1259 2045 1321; x_wconf 85' lang='lat' dir='ltr'><strong>·qua</strong></span> <span class='ocrx_word' id='word_1_84' title='bbox 2089 1246 2322 1314; x_wconf 72' lang='lat' dir='ltr'><strong>ratione</strong></span> 
     </span>
     <span class='ocr_line' id='line_1_12' title="bbox 436 1334 2323 1411; baseline -0.001 -18"><span class='ocrx_word' id='word_1_85' title='bbox 436 1334 804 1411; x_wconf 78' lang='lat' dir='ltr'><strong>praepositio</strong></span> <span class='ocrx_word' id='word_1_86' title='bbox 840 1336 949 1395; x_wconf 74' lang='lat' dir='ltr'><strong>illa</strong></span> <span class='ocrx_word' id='word_1_87' title='bbox 987 1336 1260 1395; x_wconf 76' lang='lat' dir='ltr'><strong>adhibita</strong></span> <span class='ocrx_word' id='word_1_88' title='bbox 1306 1339 1399 1396; x_wconf 77' lang='lat' dir='ltr'><strong>est</strong></span> <span class='ocrx_word' id='word_1_89' title='bbox 1441 1338 1508 1394; x_wconf 93' lang='lat' dir='ltr'><strong>in</strong></span> <span class='ocrx_word' id='word_1_90' title='bbox 1546 1335 1790 1411; x_wconf 87' lang='lat' dir='ltr'><strong>Epicuri</strong></span> <span class='ocrx_word' id='word_1_91' title='bbox 1836 1335 2096 1411; x_wconf 79' lang='lat' dir='ltr'><strong>epistula</strong></span> <span class='ocrx_word' id='word_1_92' title='bbox 2140 1336 2323 1393; x_wconf 76' lang='lat' dir='ltr'><strong>tertia</strong></span> 
     </span>
    </p>
   </div>
   <div class='ocr_carea' id='block_1_5' title="bbox 313 1416 2320 1591">
    <p class='ocr_par' dir='ltr' id='par_1_5' title="bbox 313 1416 2320 1591">
     <span class='ocr_line' id='line_1_13' title="bbox 313 1416 2320 1507; baseline -0.01 -6"><span class='ocrx_word' id='word_1_93' title='bbox 313 1458 321 1476; x_wconf 81' lang='lat'><strong><em>¹</em></strong></span> <span class='ocrx_word' id='word_1_94' title='bbox 440 1422 639 1498; x_wconf 64' lang='lat'>§134</span> <span class='ocrx_word' id='word_1_95' title='bbox 685 1416 813 1504; x_wconf 87' lang='lat' dir='ltr'><strong>(Us.</strong></span> <span class='ocrx_word' id='word_1_96' title='bbox 853 1445 911 1500; x_wconf 89' lang='lat' dir='ltr'><strong>p.</strong></span> <span class='ocrx_word' id='word_1_97' title='bbox 945 1427 1047 1500; x_wconf 88' lang='lat'><strong>65,</strong></span> <span class='ocrx_word' id='word_1_98' title='bbox 1079 1418 1174 1507; x_wconf 86' lang='lat'><strong>9):</strong></span> <span class='ocrx_word' id='word_1_99' title='bbox 1220 1419 1306 1502; x_wconf 78' lang='grc' dir='ltr'><strong>(ἃ</strong></span> <span class='ocrx_word' id='word_1_100' title='bbox 1355 1423 1470 1500; x_wconf 83' lang='grc' dir='ltr'><strong>μὲν</strong></span> <span class='ocrx_word' id='word_1_101' title='bbox 1507 1422 1631 1500; x_wconf 85' lang='grc' dir='ltr'><strong>γὰρ</strong></span> <span class='ocrx_word' id='word_1_102' title='bbox 1670 1420 1888 1484; x_wconf 82' lang='grc' dir='ltr'>αὐτῶν</span> <span class='ocrx_word' id='word_1_103' title='bbox 1934 1418 2076 1483; x_wconf 88' lang='grc' dir='ltr'>κατ’</span> <span class='ocrx_word' id='word_1_104' title='bbox 2125 1419 2320 1494; x_wconf 87' lang='grc' dir='ltr'>ἀνάγ-</span> 
     </span>
     <span class='ocr_line' id='line_1_14' title="bbox 322 1508 2320 1591; baseline -0.004 -14"><span class='ocrx_word' id='word_1_105' title='bbox 322 1553 326 1556; x_wconf 62' lang='grc'><strong>«</strong></span> <span class='ocrx_word' id='word_1_106' title='bbox 435 1529 555 1585; x_wconf 81' lang='grc' dir='ltr'><strong>κην</strong></span> <span class='ocrx_word' id='word_1_107' title='bbox 603 1509 893 1584; x_wconf 83' lang='grc' dir='ltr'>γίνεσθαι</span> <span class='ocrx_word' id='word_1_108' title='bbox 941 1509 1242 1591; x_wconf 82' lang='grc' dir='ltr'>νομίζει,&gt;</span> <span class='ocrx_word' id='word_1_109' title='bbox 1303 1509 1343 1572; x_wconf 86' lang='grc' dir='ltr'>ἃ</span> <span class='ocrx_word' id='word_1_110' title='bbox 1392 1512 1465 1573; x_wconf 78' lang='grc' dir='ltr'><strong>δὲ</strong></span> <span class='ocrx_word' id='word_1_111' title='bbox 1512 1509 1642 1574; x_wconf 88' lang='grc' dir='ltr'><strong>ἀπὸ</strong></span> <span class='ocrx_word' id='word_1_112' title='bbox 1689 1510 1914 1587; x_wconf 83' lang='grc' dir='ltr'>τύχης,</span> <span class='ocrx_word' id='word_1_113' title='bbox 1964 1509 2006 1572; x_wconf 83' lang='grc' dir='ltr'><strong>ἃ</strong></span> <span class='ocrx_word' id='word_1_114' title='bbox 2052 1511 2125 1572; x_wconf 81' lang='grc' dir='ltr'><strong>δὲ</strong></span> <span class='ocrx_word' id='word_1_115' title='bbox 2171 1508 2320 1587; x_wconf 80' lang='grc' dir='ltr'>παρ’</span> 
     </span>
    </p>
   </div>
   <div class='ocr_carea' id='block_1_6' title="bbox 355 1597 2323 2658">
    <p class='ocr_par' dir='ltr' id='par_1_6' title="bbox 355 1597 2323 2658">
     <span class='ocr_line' id='line_1_15' title="bbox 433 1597 2322 1679; baseline 0 -17"><span class='ocrx_word' id='word_1_116' title='bbox 433 1597 604 1676; x_wconf 83' lang='grc' dir='ltr'>ἡμᾶς</span> <span class='ocrx_word' id='word_1_117' title='bbox 661 1605 722 1661; x_wconf 77' lang='lat' dir='ltr'><strong>et</strong></span> <span class='ocrx_word' id='word_1_118' title='bbox 766 1605 830 1660; x_wconf 90' lang='lat' dir='ltr'><strong>in</strong></span> <span class='ocrx_word' id='word_1_119' title='bbox 876 1602 1119 1663; x_wconf 69' lang='lat' dir='ltr'><strong>Aristeu</strong></span> <span class='ocrx_word' id='word_1_120' title='bbox 1173 1602 1211 1679; x_wconf 63' lang='grc' dir='ltr'>ἓ</span> <span class='ocrx_word' id='word_1_121' title='bbox 1253 1604 1409 1662; x_wconf 82' lang='lat'>224:</span> <span class='ocrx_word' id='word_1_122' title='bbox 1465 1601 1569 1662; x_wconf 86' lang='grc' dir='ltr'><strong>καὶ</strong></span> <span class='ocrx_word' id='word_1_123' title='bbox 1614 1599 1831 1676; x_wconf 81' lang='grc' dir='ltr'>οὐδεὶς</span> <span class='ocrx_word' id='word_1_124' title='bbox 1887 1598 2036 1676; x_wconf 82' lang='grc' dir='ltr'>παρ’</span> <span class='ocrx_word' id='word_1_125' title='bbox 2086 1598 2322 1663; x_wconf 87' lang='grc' dir='ltr'>ἑαυτόν</span> 
     </span>
     <span class='ocr_line' id='line_1_16' title="bbox 438 1687 2323 1768; baseline 0 -18"><span class='ocrx_word' id='word_1_126' title='bbox 438 1687 577 1751; x_wconf 77' lang='grc' dir='ltr'>ἐστι</span> <span class='ocrx_word' id='word_1_127' title='bbox 635 1688 964 1766; x_wconf 86' lang='grc' dir='ltr'>βασιλεύς,</span> <span class='ocrx_word' id='word_1_128' title='bbox 1024 1712 1175 1768; x_wconf 84' lang='lat' dir='ltr'><strong>quae</strong></span> <span class='ocrx_word' id='word_1_129' title='bbox 1230 1693 1471 1768; x_wconf 81' lang='lat' dir='ltr'><strong>proprie</strong></span> <span class='ocrx_word' id='word_1_130' title='bbox 1526 1692 1697 1751; x_wconf 88' lang='lat' dir='ltr'><strong>nobis</strong></span> <span class='ocrx_word' id='word_1_131' title='bbox 1751 1693 1969 1765; x_wconf 74' lang='lat' dir='ltr'><strong>infolye</strong></span> <span class='ocrx_word' id='word_1_132' title='bbox 2031 1709 2145 1750; x_wconf 75' lang='lat' dir='ltr'><strong>mm</strong></span> <span class='ocrx_word' id='word_1_133' title='bbox 2206 1709 2323 1750; x_wconf 75' lang='lat' dir='ltr'><strong>was</strong></span> 
     </span>
     <span class='ocr_line' id='line_1_17' title="bbox 434 1779 2321 1859; baseline -0.001 -20"><span class='ocrx_word' id='word_1_134' title='bbox 434 1779 639 1854; x_wconf 77' lang='lat' dir='ltr'><strong>(sich),</strong></span> <span class='ocrx_word' id='word_1_135' title='bbox 703 1798 817 1840; x_wconf 74' lang='lat' dir='ltr'><strong>von</strong></span> <span class='ocrx_word' id='word_1_136' title='bbox 878 1799 994 1840; x_wconf 80' lang='lat' dir='ltr'><strong>wns</strong></span> <span class='ocrx_word' id='word_1_137' title='bbox 1053 1781 1228 1855; x_wconf 76' lang='lat' dir='ltr'><strong>(sich)</strong></span> <span class='ocrx_word' id='word_1_138' title='bbox 1292 1799 1405 1840; x_wconf 79' lang='lat' dir='ltr'><strong>aus</strong></span> <span class='ocrx_word' id='word_1_139' title='bbox 1468 1781 1871 1859; x_wconf 75' lang='lat' dir='ltr'><strong>intellegenda</strong></span> <span class='ocrx_word' id='word_1_140' title='bbox 1927 1784 2081 1847; x_wconf 75' lang='lat' dir='ltr'><strong>sunt,</strong></span> <span class='ocrx_word' id='word_1_141' title='bbox 2191 1784 2321 1838; x_wconf 76' lang='lat' dir='ltr'><strong>tum</strong></span> 
     </span>
     <span class='ocr_line' id='line_1_18' title="bbox 432 1870 2320 1945; baseline 0.001 -18"><span class='ocrx_word' id='word_1_142' title='bbox 432 1870 729 1928; x_wconf 84' lang='lat' dir='ltr'><strong>formulae</strong></span> <span class='ocrx_word' id='word_1_143' title='bbox 782 1872 975 1929; x_wconf 73' lang='lat' dir='ltr'><strong>instar</strong></span> <span class='ocrx_word' id='word_1_144' title='bbox 1021 1871 1206 1929; x_wconf 84' lang='lat' dir='ltr'><strong>verba</strong></span> <span class='ocrx_word' id='word_1_145' title='bbox 1260 1870 1722 1944; x_wconf 76' lang='lat' dir='ltr'><strong>adhibebantur,</strong></span> <span class='ocrx_word' id='word_1_146' title='bbox 1770 1890 1839 1927; x_wconf 83' lang='lat' dir='ltr'><strong>ex</strong></span> <span class='ocrx_word' id='word_1_147' title='bbox 1887 1870 2106 1944; x_wconf 91' lang='lat' dir='ltr'><strong>crebro,</strong></span> <span class='ocrx_word' id='word_1_148' title='bbox 2152 1873 2320 1945; x_wconf 76' lang='lat' dir='ltr'><strong>puto,</strong></span> 
     </span>
     <span class='ocr_line' id='line_1_19' title="bbox 436 1959 2318 2035; baseline 0 -19"><span class='ocrx_word' id='word_1_149' title='bbox 436 1977 548 2016; x_wconf 91' lang='lat' dir='ltr'><strong>usu</strong></span> <span class='ocrx_word' id='word_1_150' title='bbox 611 1959 1128 2035; x_wconf 82' lang='lat' dir='ltr'><strong>philosophorum,</strong></span> <span class='ocrx_word' id='word_1_151' title='bbox 1183 1961 1438 2020; x_wconf 79' lang='lat' dir='ltr'><strong>fortasse</strong></span> <span class='ocrx_word' id='word_1_152' title='bbox 1502 1960 1959 2035; x_wconf 77' lang='lat' dir='ltr'><strong>Epicureorum,</strong></span> <span class='ocrx_word' id='word_1_153' title='bbox 2024 1961 2134 2034; x_wconf 89' lang='lat' dir='ltr'><strong>qui</strong></span> <span class='ocrx_word' id='word_1_154' title='bbox 2195 1959 2318 2031; x_wconf 81' lang='lat' dir='ltr'><strong>illis</strong></span> 
     </span>
     <span class='ocr_line' id='line_1_20' title="bbox 355 2047 2317 2127; baseline 0 -21"><span class='ocrx_word' id='word_1_155' title='bbox 355 2115 359 2117; x_wconf 15' lang='lat' dir='ltr'>V</span> <span class='ocrx_word' id='word_1_156' title='bbox 434 2048 631 2108; x_wconf 82' lang='lat' dir='ltr'><strong>verbis</strong></span> <span class='ocrx_word' id='word_1_157' title='bbox 670 2048 897 2125; x_wconf 80' lang='lat' dir='ltr'><strong>aliquid</strong></span> <span class='ocrx_word' id='word_1_158' title='bbox 935 2048 1126 2111; x_wconf 82' lang='lat' dir='ltr'><strong>libera</strong></span> <span class='ocrx_word' id='word_1_159' title='bbox 1161 2050 1473 2111; x_wconf 71' lang='lat' dir='ltr'><strong>voluntate</strong></span> <span class='ocrx_word' id='word_1_160' title='bbox 1510 2049 1641 2109; x_wconf 86' lang='lat' dir='ltr'><strong>fieri</strong></span> <span class='ocrx_word' id='word_1_161' title='bbox 1677 2047 2109 2127; x_wconf 75' lang='lat' dir='ltr'><strong>significabant.</strong></span> <span class='ocrx_word' id='word_1_162' title='bbox 2175 2048 2317 2125; x_wconf 89' lang='lat' dir='ltr'><strong>Epi-</strong></span> 
     </span>
     <span class='ocr_line' id='line_1_21' title="bbox 362 2134 2320 2214; baseline -0.001 -18"><span class='ocrx_word' id='word_1_163' title='bbox 362 2176 367 2180; x_wconf 94' lang='lat'>-</span> <span class='ocrx_word' id='word_1_164' title='bbox 432 2156 610 2197; x_wconf 84' lang='lat' dir='ltr'><strong>curus</strong></span> <span class='ocrx_word' id='word_1_165' title='bbox 656 2140 815 2197; x_wconf 92' lang='lat' dir='ltr'><strong>enim</strong></span> <span class='ocrx_word' id='word_1_166' title='bbox 861 2140 991 2214; x_wconf 87' lang='lat' dir='ltr'><strong>ipse</strong></span> <span class='ocrx_word' id='word_1_167' title='bbox 1036 2139 1232 2198; x_wconf 84' lang='lat' dir='ltr'><strong>verbis</strong></span> <span class='ocrx_word' id='word_1_168' title='bbox 1278 2134 1429 2213; x_wconf 75' lang='grc' dir='ltr'>παρ’</span> <span class='ocrx_word' id='word_1_169' title='bbox 1468 2135 1635 2213; x_wconf 82' lang='grc' dir='ltr'>ἡμᾶς</span> <span class='ocrx_word' id='word_1_170' title='bbox 1683 2138 1859 2214; x_wconf 81' lang='lat' dir='ltr'><strong>quasi</strong></span> <span class='ocrx_word' id='word_1_171' title='bbox 1905 2138 2167 2208; x_wconf 72' lang='lat' dir='ltr'><strong>formula</strong></span> <span class='ocrx_word' id='word_1_172' title='bbox 2203 2138 2320 2196; x_wconf 77' lang='lat' dir='ltr'><strong>uti-</strong></span> 
     </span>
     <span class='ocr_line' id='line_1_22' title="bbox 430 2223 2317 2303; baseline 0 -18"><span class='ocrx_word' id='word_1_173' title='bbox 430 2228 536 2285; x_wconf 78' lang='lat' dir='ltr'><strong>tur-</strong></span> <span class='ocrx_word' id='word_1_174' title='bbox 579 2227 761 2303; x_wconf 83' lang='lat' dir='ltr'><strong>paulo</strong></span> <span class='ocrx_word' id='word_1_175' title='bbox 808 2230 948 2303; x_wconf 72' lang='lat' dir='ltr'><strong>posi:</strong></span> <span class='ocrx_word' id='word_1_176' title='bbox 984 2228 1182 2303; x_wconf 82' lang='lat' dir='ltr'><strong>verba,</strong></span> <span class='ocrx_word' id='word_1_177' title='bbox 1231 2247 1383 2303; x_wconf 81' lang='lat' dir='ltr'><strong>quae</strong></span> <span class='ocrx_word' id='word_1_178' title='bbox 1429 2228 1605 2287; x_wconf 93' lang='lat' dir='ltr'><strong>modo</strong></span> <span class='ocrx_word' id='word_1_179' title='bbox 1653 2230 1841 2287; x_wconf 80' lang='lat' dir='ltr'><strong>citata</strong></span> <span class='ocrx_word' id='word_1_180' title='bbox 1887 2230 2043 2301; x_wconf 75' lang='lat' dir='ltr'><strong>sunt,</strong></span> <span class='ocrx_word' id='word_1_181' title='bbox 2089 2223 2196 2297; x_wconf 77' lang='grc' dir='ltr'><strong>διὰ</strong></span> <span class='ocrx_word' id='word_1_182' title='bbox 2242 2224 2317 2286; x_wconf 88' lang='grc' dir='ltr'><strong>τὸ</strong></span> 
     </span>
     <span class='ocr_line' id='line_1_23' title="bbox 431 2312 2318 2392; baseline -0.001 -16"><span class='ocrx_word' id='word_1_183' title='bbox 431 2313 551 2389; x_wconf 81' lang='grc' dir='ltr'><strong>τὴν</strong></span> <span class='ocrx_word' id='word_1_184' title='bbox 600 2314 715 2389; x_wconf 82' lang='grc' dir='ltr'><strong>μὲν</strong></span> <span class='ocrx_word' id='word_1_185' title='bbox 764 2312 1051 2392; x_wconf 88' lang='grc' dir='ltr'>ἀνάγκην</span> <span class='ocrx_word' id='word_1_186' title='bbox 1100 2312 1550 2378; x_wconf 86' lang='grc' dir='ltr'>ἀνυπεύθυνον</span> <span class='ocrx_word' id='word_1_187' title='bbox 1598 2312 1787 2388; x_wconf 84' lang='grc' dir='ltr'>εἶναι,</span> <span class='ocrx_word' id='word_1_188' title='bbox 1835 2313 1951 2389; x_wconf 88' lang='grc' dir='ltr'><strong>τὴν</strong></span> <span class='ocrx_word' id='word_1_189' title='bbox 1999 2314 2072 2376; x_wconf 79' lang='grc' dir='ltr'><strong>δὲ</strong></span> <span class='ocrx_word' id='word_1_190' title='bbox 2118 2312 2318 2389; x_wconf 88' lang='grc' dir='ltr'>τύχην</span> 
     </span>
     <span class='ocr_line' id='line_1_24' title="bbox 436 2400 2317 2480; baseline -0.001 -16"><span class='ocrx_word' id='word_1_191' title='bbox 436 2400 726 2465; x_wconf 85' lang='grc' dir='ltr'>ἄστατον</span> <span class='ocrx_word' id='word_1_192' title='bbox 774 2402 954 2479; x_wconf 84' lang='grc' dir='ltr'>ὁρᾶν,</span> <span class='ocrx_word' id='word_1_193' title='bbox 1002 2403 1078 2465; x_wconf 90' lang='grc' dir='ltr'><strong>τὸ</strong></span> <span class='ocrx_word' id='word_1_194' title='bbox 1126 2404 1198 2465; x_wconf 81' lang='grc' dir='ltr'><strong>δὲ</strong></span> <span class='ocrx_word' id='word_1_195' title='bbox 1245 2402 1399 2480; x_wconf 82' lang='grc' dir='ltr'>παρ’</span> <span class='ocrx_word' id='word_1_196' title='bbox 1435 2402 1603 2480; x_wconf 85' lang='grc' dir='ltr'>ἡμᾶς</span> <span class='ocrx_word' id='word_1_197' title='bbox 1643 2401 2032 2475; x_wconf 85' lang='grc' dir='ltr'>ἀδέσποτον,</span> <span class='ocrx_word' id='word_1_198' title='bbox 2083 2409 2143 2463; x_wconf 83' lang='lat' dir='ltr'><strong>et</strong></span> <span class='ocrx_word' id='word_1_199' title='bbox 2178 2405 2317 2463; x_wconf 92' lang='lat' dir='ltr'><strong>Plu-</strong></span> 
     </span>
     <span class='ocr_line' id='line_1_25' title="bbox 431 2490 2318 2571; baseline 0.001 -20"><span class='ocrx_word' id='word_1_200' title='bbox 431 2494 676 2555; x_wconf 77' lang='lat' dir='ltr'><strong>tarchus</strong></span> <span class='ocrx_word' id='word_1_201' title='bbox 733 2494 970 2565; x_wconf 80' lang='lat' dir='ltr'><strong>Quaest.</strong></span> <span class='ocrx_word' id='word_1_202' title='bbox 1028 2513 1196 2555; x_wconf 85' lang='lat' dir='ltr'><strong>conv.</strong></span> <span class='ocrx_word' id='word_1_203' title='bbox 1257 2515 1314 2571; x_wconf 89' lang='lat' dir='ltr'><strong>p.</strong></span> <span class='ocrx_word' id='word_1_204' title='bbox 1358 2498 1532 2554; x_wconf 83' lang='lat' dir='ltr'><strong>722e</strong></span> <span class='ocrx_word' id='word_1_205' title='bbox 1592 2496 1739 2555; x_wconf 78' lang='lat' dir='ltr'><strong>dicit</strong></span> <span class='ocrx_word' id='word_1_206' title='bbox 1794 2490 1925 2568; x_wconf 87' lang='grc' dir='ltr'>ἔχει</span> <span class='ocrx_word' id='word_1_207' title='bbox 1983 2491 2054 2554; x_wconf 80' lang='grc' dir='ltr'><strong>δέ</strong></span> <span class='ocrx_word' id='word_1_208' title='bbox 2110 2512 2169 2553; x_wconf 94' lang='grc' dir='ltr'><strong>τι</strong></span> <span class='ocrx_word' id='word_1_209' title='bbox 2215 2491 2318 2553; x_wconf 87' lang='grc' dir='ltr'><strong>καὶ</strong></span> 
     </span>
     <span class='ocr_line' id='line_1_26' title="bbox 433 2578 2318 2658; baseline 0.001 -17"><span class='ocrx_word' id='word_1_210' title='bbox 433 2579 509 2641; x_wconf 88' lang='grc' dir='ltr'><strong>τὸ</strong></span> <span class='ocrx_word' id='word_1_211' title='bbox 555 2579 728 2657; x_wconf 77' lang='grc' dir='ltr'>παρ’·</span> <span class='ocrx_word' id='word_1_212' title='bbox 751 2579 919 2657; x_wconf 86' lang='grc' dir='ltr'>ἡμᾶς</span> <span class='ocrx_word' id='word_1_213' title='bbox 968 2578 1201 2655; x_wconf 85' lang='grc' dir='ltr'>αἴτιον,</span> <span class='ocrx_word' id='word_1_214' title='bbox 1258 2602 1317 2643; x_wconf 82' lang='lat' dir='ltr'><strong>es</strong></span> <span class='ocrx_word' id='word_1_215' title='bbox 1360 2586 1464 2643; x_wconf 78' lang='lat' dir='ltr'><strong>hat</strong></span> <span class='ocrx_word' id='word_1_216' title='bbox 1507 2585 1657 2643; x_wconf 80' lang='lat' dir='ltr'><strong>auch</strong></span> <span class='ocrx_word' id='word_1_217' title='bbox 1702 2585 1830 2658; x_wconf 76' lang='lat' dir='ltr'><strong>dae,</strong></span> <span class='ocrx_word' id='word_1_218' title='bbox 1875 2602 2001 2644; x_wconf 77' lang='lat' dir='ltr'><strong>was</strong></span> <span class='ocrx_word' id='word_1_219' title='bbox 2044 2601 2160 2643; x_wconf 77' lang='lat' dir='ltr'><strong>von</strong></span> <span class='ocrx_word' id='word_1_220' title='bbox 2204 2602 2318 2642; x_wconf 74' lang='lat' dir='ltr'><strong>uns</strong></span> 
     </span>
    </p>
   </div>
   <div class='ocr_carea' id='block_1_7' title="bbox 324 2671 2333 2749">
    <p class='ocr_par' dir='ltr' id='par_1_7' title="bbox 324 2671 2333 2749">
     <span class='ocr_line' id='line_1_27' title="bbox 324 2671 2333 2749; baseline 0 -18"><span class='ocrx_word' id='word_1_221' title='bbox 324 2713 328 2717; x_wconf 21' lang='grc' dir='ltr'><strong>Δ</strong></span> <span class='ocrx_word' id='word_1_222' title='bbox 430 2690 545 2731; x_wconf 78' lang='lat' dir='ltr'><strong>aus</strong></span> <span class='ocrx_word' id='word_1_223' title='bbox 600 2671 907 2746; x_wconf 73' lang='lat' dir='ltr'><strong>yeschieht&#39;,</strong></span> <span class='ocrx_word' id='word_1_224' title='bbox 971 2676 1146 2734; x_wconf 81' lang='lat' dir='ltr'><strong><em>etwas</em></strong></span> <span class='ocrx_word' id='word_1_225' title='bbox 1207 2672 1427 2736; x_wconf 77' lang='lat' dir='ltr'><strong>Schuld</strong></span> <span class='ocrx_word' id='word_1_226' title='bbox 1489 2675 1701 2733; x_wconf 79' lang='lat' dir='ltr'><strong>daran.</strong></span> <span class='ocrx_word' id='word_1_227' title='bbox 1807 2692 1961 2749; x_wconf 86' lang='lat' dir='ltr'><strong>quae</strong></span> <span class='ocrx_word' id='word_1_228' title='bbox 2023 2673 2333 2736; x_wconf 61' lang='lat' dir='ltr'><strong>formulae&lt;</strong></span> 
     </span>
    </p>
   </div>
   <div class='ocr_carea' id='block_1_8' title="bbox 350 2760 2317 3728">
    <p class='ocr_par' dir='ltr' id='par_1_8' title="bbox 350 2760 2317 3728">
     <span class='ocr_line' id='line_1_28' title="bbox 430 2760 2317 2838; baseline 0.002 -20"><span class='ocrx_word' id='word_1_229' title='bbox 430 2760 687 2821; x_wconf 75' lang='lat' dir='ltr'><strong>articulo</strong></span> <span class='ocrx_word' id='word_1_230' title='bbox 724 2765 1045 2837; x_wconf 78' lang='lat' dir='ltr'><strong>praeeunte</strong></span> <span class='ocrx_word' id='word_1_231' title='bbox 1086 2762 1355 2822; x_wconf 80' lang='lat' dir='ltr'><strong>adverbii</strong></span> <span class='ocrx_word' id='word_1_232' title='bbox 1390 2763 1582 2822; x_wconf 83' lang='lat' dir='ltr'><strong>instar</strong></span> <span class='ocrx_word' id='word_1_233' title='bbox 1617 2761 1975 2824; x_wconf 79' lang='lat' dir='ltr'><strong>adhibentur</strong></span> <span class='ocrx_word' id='word_1_234' title='bbox 2009 2763 2157 2838; x_wconf 80' lang='lat' dir='ltr'><strong>locis</strong></span> <span class='ocrx_word' id='word_1_235' title='bbox 2193 2763 2317 2821; x_wconf 89' lang='lat' dir='ltr'><strong>illis</strong></span> 
     </span>
     <span class='ocr_line' id='line_1_29' title="bbox 427 2850 2315 2926; baseline 0.001 -18"><span class='ocrx_word' id='word_1_236' title='bbox 427 2869 582 2926; x_wconf 88' lang='lat' dir='ltr'><strong>quos</strong></span> <span class='ocrx_word' id='word_1_237' title='bbox 626 2850 804 2910; x_wconf 73' lang='lat' dir='ltr'><strong>initio</strong></span> <span class='ocrx_word' id='word_1_238' title='bbox 850 2850 1036 2910; x_wconf 74' lang='lat' dir='ltr'><strong>citavi</strong></span> <span class='ocrx_word' id='word_1_239' title='bbox 1070 2852 1266 2926; x_wconf 72' lang='lat' dir='ltr'><strong>Epiet.</strong></span> <span class='ocrx_word' id='word_1_240' title='bbox 1307 2851 1369 2909; x_wconf 90' lang='grc' dir='ltr'>Π</span> <span class='ocrx_word' id='word_1_241' title='bbox 1400 2854 1457 2926; x_wconf 82' lang='grc'><strong>2,</strong></span> <span class='ocrx_word' id='word_1_242' title='bbox 1491 2854 1575 2911; x_wconf 87' lang='grc'><strong>20</strong></span> <span class='ocrx_word' id='word_1_243' title='bbox 1622 2852 1780 2910; x_wconf 74' lang='lat' dir='ltr'><strong>Plut.</strong></span> <span class='ocrx_word' id='word_1_244' title='bbox 1811 2870 1919 2911; x_wconf 90' lang='lat' dir='ltr'><strong>scr.</strong></span> <span class='ocrx_word' id='word_1_245' title='bbox 1947 2871 2093 2910; x_wconf 90' lang='lat' dir='ltr'><strong>mor.</strong></span> <span class='ocrx_word' id='word_1_246' title='bbox 2126 2852 2315 2924; x_wconf 78' lang='lat'><strong>5660,</strong></span> 
     </span>
     <span class='ocr_line' id='line_1_30' title="bbox 436 2936 2316 3018; baseline 0 -21"><span class='ocrx_word' id='word_1_247' title='bbox 436 2941 686 3013; x_wconf 81' lang='lat' dir='ltr'><strong>1071a,</strong></span> <span class='ocrx_word' id='word_1_248' title='bbox 729 2939 835 3009; x_wconf 87' lang='lat' dir='ltr'><strong>ubi</strong></span> <span class='ocrx_word' id='word_1_249' title='bbox 879 2939 1062 2998; x_wconf 84' lang='lat' dir='ltr'><strong>verba</strong></span> <span class='ocrx_word' id='word_1_250' title='bbox 1107 2936 1256 3014; x_wconf 78' lang='grc' dir='ltr'>παρ’</span> <span class='ocrx_word' id='word_1_251' title='bbox 1307 2937 1507 3000; x_wconf 85' lang='grc' dir='ltr'>αὑτόν</span> <span class='ocrx_word' id='word_1_252' title='bbox 1553 2959 1762 3000; x_wconf 78' lang='lat' dir='ltr'><strong>revera</strong></span> <span class='ocrx_word' id='word_1_253' title='bbox 1808 2939 2147 3018; x_wconf 77' lang='lat' dir='ltr'><strong>significant</strong></span> <span class='ocrx_word' id='word_1_254' title='bbox 2192 2959 2316 3000; x_wconf 83' lang='lat' dir='ltr'><strong>was</strong></span> 
     </span>
     <span class='ocr_line' id='line_1_31' title="bbox 430 3030 2313 3106; baseline 0.002 -21"><span class='ocrx_word' id='word_1_255' title='bbox 430 3045 544 3098; x_wconf 78' lang='lat' dir='ltr'><strong>von</strong></span> <span class='ocrx_word' id='word_1_256' title='bbox 597 3031 715 3088; x_wconf 71' lang='lat' dir='ltr'><strong>mir</strong></span> <span class='ocrx_word' id='word_1_257' title='bbox 769 3046 881 3088; x_wconf 79' lang='lat' dir='ltr'><strong>aus</strong></span> <span class='ocrx_word' id='word_1_258' title='bbox 931 3030 1243 3103; x_wconf 63' lang='lat' dir='ltr'><strong>aeschehcn</strong></span> <span class='ocrx_word' id='word_1_259' title='bbox 1296 3030 1484 3105; x_wconf 75' lang='lat' dir='ltr'><strong>kaom,</strong></span> <span class='ocrx_word' id='word_1_260' title='bbox 1548 3048 1913 3106; x_wconf 81' lang='lat' dir='ltr'><strong>quamquam</strong></span> <span class='ocrx_word' id='word_1_261' title='bbox 1967 3048 2154 3104; x_wconf 86' lang='lat' dir='ltr'><strong>prope</strong></span> <span class='ocrx_word' id='word_1_262' title='bbox 2219 3047 2313 3088; x_wconf 83' lang='lat' dir='ltr'><strong>ac-</strong></span> 
     </span>
     <span class='ocr_line' id='line_1_32' title="bbox 428 3113 2313 3188; baseline 0 -13"><span class='ocrx_word' id='word_1_263' title='bbox 428 3117 648 3175; x_wconf 79' lang='lat' dir='ltr'><strong>cedunt</strong></span> <span class='ocrx_word' id='word_1_264' title='bbox 704 3118 781 3177; x_wconf 87' lang='lat' dir='ltr'><strong>ad</strong></span> <span class='ocrx_word' id='word_1_265' title='bbox 836 3118 1093 3180; x_wconf 78' lang='lat' dir='ltr'><strong>similem</strong></span> <span class='ocrx_word' id='word_1_266' title='bbox 1154 3119 1477 3178; x_wconf 80' lang='lat' dir='ltr'><strong>formulam</strong></span> <span class='ocrx_word' id='word_1_267' title='bbox 1540 3118 1715 3186; x_wconf 77' lang='lat' dir='ltr'><strong>valde</strong></span> <span class='ocrx_word' id='word_1_268' title='bbox 1770 3118 2059 3177; x_wconf 73' lang='lat' dir='ltr'><strong>usitatam</strong></span> <span class='ocrx_word' id='word_1_269' title='bbox 2114 3113 2189 3175; x_wconf 92' lang='grc' dir='ltr'><strong>τὸ</strong></span> <span class='ocrx_word' id='word_1_270' title='bbox 2245 3113 2313 3188; x_wconf 76' lang='grc' dir='ltr'><strong>γ’</strong></span> 
     </span>
     <span class='ocr_line' id='line_1_33' title="bbox 430 3201 2314 3281; baseline -0.001 -17"><span class='ocrx_word' id='word_1_271' title='bbox 430 3201 538 3281; x_wconf 77' lang='grc' dir='ltr'><strong>ἐφ’</strong></span> <span class='ocrx_word' id='word_1_272' title='bbox 582 3202 734 3281; x_wconf 84' lang='grc' dir='ltr'>ἡμῖν</span> <span class='ocrx_word' id='word_1_273' title='bbox 771 3207 947 3278; x_wconf 76' lang='grc' dir='ltr'><strong>εουὶεῑ</strong></span> <span class='ocrx_word' id='word_1_274' title='bbox 986 3208 1073 3266; x_wconf 80' lang='lat' dir='ltr'><strong>bei</strong></span> <span class='ocrx_word' id='word_1_275' title='bbox 1117 3226 1233 3266; x_wconf 73' lang='lat' dir='ltr'><strong>uns</strong></span> <span class='ocrx_word' id='word_1_276' title='bbox 1268 3209 1428 3266; x_wconf 75' lang='lat' dir='ltr'><strong>steht.</strong></span> <span class='ocrx_word' id='word_1_277' title='bbox 1494 3207 1701 3267; x_wconf 82' lang='lat' dir='ltr'><strong>eadem</strong></span> <span class='ocrx_word' id='word_1_278' title='bbox 1737 3209 1970 3266; x_wconf 79' lang='lat' dir='ltr'><strong>ratione</strong></span> <span class='ocrx_word' id='word_1_279' title='bbox 2007 3205 2314 3266; x_wconf 81' lang='lat' dir='ltr'><strong>Plutarchi</strong></span> 
     </span>
     <span class='ocr_line' id='line_1_34' title="bbox 427 3295 2314 3371; baseline -0.001 -18"><span class='ocrx_word' id='word_1_280' title='bbox 427 3314 668 3371; x_wconf 84' lang='lat' dir='ltr'><strong>quoque</strong></span> <span class='ocrx_word' id='word_1_281' title='bbox 714 3295 898 3355; x_wconf 71' lang='lat' dir='ltr'><strong>verba</strong></span> <span class='ocrx_word' id='word_1_282' title='bbox 939 3296 1012 3355; x_wconf 90' lang='lat' dir='ltr'><strong>de</strong></span> <span class='ocrx_word' id='word_1_283' title='bbox 1051 3295 1231 3356; x_wconf 78' lang='lat' dir='ltr'><strong>Stoic.</strong></span> <span class='ocrx_word' id='word_1_284' title='bbox 1270 3315 1482 3355; x_wconf 88' lang='lat' dir='ltr'><strong>comm.</strong></span> <span class='ocrx_word' id='word_1_285' title='bbox 1519 3299 1641 3355; x_wconf 75' lang='lat' dir='ltr'><strong>not.</strong></span> <span class='ocrx_word' id='word_1_286' title='bbox 1685 3300 1852 3356; x_wconf 85' lang='lat'>1071</span> <span class='ocrx_word' id='word_1_287' title='bbox 1869 3315 1906 3355; x_wconf 79' lang='lat' dir='ltr'>a</span> <span class='ocrx_word' id='word_1_288' title='bbox 1944 3314 2096 3371; x_wconf 81' lang='lat' dir='ltr'><strong>quae</strong></span> <span class='ocrx_word' id='word_1_289' title='bbox 2132 3313 2314 3370; x_wconf 81' lang='lat' dir='ltr'><strong>supra</strong></span> 
     </span>
     <span class='ocr_line' id='line_1_35' title="bbox 428 3380 2316 3459; baseline 0 -17"><span class='ocrx_word' id='word_1_290' title='bbox 428 3388 760 3444; x_wconf 80' lang='lat' dir='ltr'><strong>memorata</strong></span> <span class='ocrx_word' id='word_1_291' title='bbox 818 3388 962 3456; x_wconf 78' lang='lat' dir='ltr'><strong>sunt</strong></span> <span class='ocrx_word' id='word_1_292' title='bbox 1020 3380 1234 3444; x_wconf 90' lang='grc' dir='ltr'>πάντα</span> <span class='ocrx_word' id='word_1_293' title='bbox 1292 3382 1374 3444; x_wconf 87' lang='grc' dir='ltr'><strong>τὰ</strong></span> <span class='ocrx_word' id='word_1_294' title='bbox 1447 3381 1596 3459; x_wconf 79' lang='grc' dir='ltr'>παρ’</span> <span class='ocrx_word' id='word_1_295' title='bbox 1673 3381 1909 3444; x_wconf 85' lang='grc' dir='ltr'>ἑαυτὸν</span> <span class='ocrx_word' id='word_1_296' title='bbox 1984 3383 2193 3444; x_wconf 88' lang='grc' dir='ltr'>ποιεῖν</span> <span class='ocrx_word' id='word_1_297' title='bbox 2253 3386 2316 3442; x_wconf 80' lang='lat' dir='ltr'><strong>et</strong></span> 
     </span>
     <span class='ocr_line' id='line_1_36' title="bbox 350 3472 2312 3552; baseline 0.001 -22"><span class='ocrx_word' id='word_1_298' title='bbox 350 3539 355 3543; x_wconf 24' lang='lat'><strong><em>⁴</em></strong></span> <span class='ocrx_word' id='word_1_299' title='bbox 430 3472 734 3550; x_wconf 84' lang='lat' dir='ltr'><strong>Diogenis,</strong></span> <span class='ocrx_word' id='word_1_300' title='bbox 764 3494 918 3550; x_wconf 76' lang='lat' dir='ltr'><strong>quae</strong></span> <span class='ocrx_word' id='word_1_301' title='bbox 948 3474 1125 3533; x_wconf 89' lang='lat' dir='ltr'><strong>huius</strong></span> <span class='ocrx_word' id='word_1_302' title='bbox 1154 3474 1538 3552; x_wconf 84' lang='lat' dir='ltr'><strong>digressionis</strong></span> <span class='ocrx_word' id='word_1_303' title='bbox 1566 3494 1745 3534; x_wconf 80' lang='lat' dir='ltr'><strong>causa</strong></span> <span class='ocrx_word' id='word_1_304' title='bbox 1781 3475 2042 3549; x_wconf 78' lang='lat' dir='ltr'><strong>fuerunt,</strong></span> <span class='ocrx_word' id='word_1_305' title='bbox 2078 3473 2312 3544; x_wconf 68' lang='lat' dir='ltr'><strong>intelle-</strong></span> 
     </span>
     <span class='ocr_line' id='line_1_37' title="bbox 432 3562 2314 3640; baseline 0.002 -21"><span class='ocrx_word' id='word_1_306' title='bbox 432 3562 626 3638; x_wconf 81' lang='lat' dir='ltr'><strong>genda</strong></span> <span class='ocrx_word' id='word_1_307' title='bbox 664 3566 823 3622; x_wconf 74' lang='lat' dir='ltr'><strong>sunt.</strong></span> <span class='ocrx_word' id='word_1_308' title='bbox 890 3565 1097 3639; x_wconf 75' lang='lat' dir='ltr'><strong>itaque</strong></span> <span class='ocrx_word' id='word_1_309' title='bbox 1144 3563 1304 3638; x_wconf 90' lang='lat' dir='ltr'><strong>quod</strong></span> <span class='ocrx_word' id='word_1_310' title='bbox 1349 3564 1574 3640; x_wconf 79' lang='lat' dir='ltr'><strong>legitur</strong></span> <span class='ocrx_word' id='word_1_311' title='bbox 1618 3562 1775 3630; x_wconf 61' lang='lat' dir='ltr'><strong>Pluss,</strong></span> <span class='ocrx_word' id='word_1_312' title='bbox 1807 3581 1914 3622; x_wconf 87' lang='lat' dir='ltr'><strong>scr.</strong></span> <span class='ocrx_word' id='word_1_313' title='bbox 1944 3582 2089 3621; x_wconf 91' lang='lat' dir='ltr'><strong>mor.</strong></span> <span class='ocrx_word' id='word_1_314' title='bbox 2122 3563 2314 3622; x_wconf 82' lang='lat' dir='ltr'><strong>222f:</strong></span> 
     </span>
     <span class='ocr_line' id='line_1_38' title="bbox 431 3647 2313 3728; baseline 0 -19"><span class='ocrx_word' id='word_1_315' title='bbox 431 3647 510 3710; x_wconf 85' lang='grc' dir='ltr'><strong>οὐ</strong></span> <span class='ocrx_word' id='word_1_316' title='bbox 558 3648 706 3726; x_wconf 78' lang='grc' dir='ltr'>πὰρ’</span> <span class='ocrx_word' id='word_1_317' title='bbox 756 3648 872 3712; x_wconf 83' lang='grc' dir='ltr'><strong>ἕνα</strong></span> <span class='ocrx_word' id='word_1_318' title='bbox 918 3649 999 3711; x_wconf 89' lang='grc' dir='ltr'><strong>τὰ</strong></span> <span class='ocrx_word' id='word_1_319' title='bbox 1045 3648 1378 3727; x_wconf 86' lang='grc' dir='ltr'>Σπάρτας,</span> <span class='ocrx_word' id='word_1_320' title='bbox 1426 3655 1480 3711; x_wconf 84' lang='lat' dir='ltr'><strong>si</strong></span> <span class='ocrx_word' id='word_1_321' title='bbox 1523 3655 1762 3728; x_wconf 82' lang='lat' dir='ltr'><strong>proprie</strong></span> <span class='ocrx_word' id='word_1_322' title='bbox 1808 3653 2010 3725; x_wconf 79' lang='lat' dir='ltr'><strong>vertis,</strong></span> <span class='ocrx_word' id='word_1_323' title='bbox 2055 3671 2175 3711; x_wconf 89' lang='lat' dir='ltr'><strong>non</strong></span> <span class='ocrx_word' id='word_1_324' title='bbox 2222 3655 2313 3711; x_wconf 72' lang='lat' dir='ltr'><strong>est</strong></span> 
     </span>
    </p>
   </div>
  </div>
 </body>
</html>
