2693 4100
1173 247 1240 255 —
1313 215 1521 270 XXXII
1593 250 1661 257 —

405 404 558 461 opus
618 385 714 444 sit.
772 454 781 463 Ι
822 385 929 443 illa
989 385 1276 463 elegimus
1292 431 1307 461 ,
1363 405 1516 463 quae
1575 387 1747 448 nobis
1806 390 2061 448 maxime
2119 394 2444 467 conspicua

407 493 533 537 esse
581 473 953 532 videbantur.
2072 496 2076 502 ’

542 563 899 643 Progrediar
941 565 1058 636 ita,
1102 567 1172 623 ut
1217 567 1478 641 primum
1525 566 1817 625 vocabula
1860 568 2190 628 recentiora
2235 574 2297 627 et
2344 589 2437 629 ve-

405 659 572 715 tusta
632 654 872 730 quidem
932 653 1035 712 sed
1092 673 1307 713 novam
1369 654 1867 731 significationem
1928 657 2171 732 adepta,
2231 657 2440 718 deinde

407 744 701 805 vocabula
764 744 1026 821 poetica,
1089 745 1220 802 tum
1285 761 1358 802 ea
1372 787 1389 817 ,
1464 762 1615 823 quae
1691 745 1766 803 ad
1831 746 2240 821 phoneticam,
2312 751 2442 805 tum

410 853 562 911 quae
609 833 688 892 ad
730 833 1040 892 flexionem
1089 834 1389 907 spectant,
1435 837 1737 908 postremo
1784 838 2116 895 structuras
2165 835 2444 913 vulgares

407 942 762 982 enumerem.

509 1138 553 1194 I.
604 1136 966 1195 Vocabula
1012 1135 1424 1195 recentiora
1472 1136 1621 1196 sive
1669 1141 1959 1197 vetusta
2007 1139 2127 1198 sed
2172 1158 2353 1198 nova

946 1225 1501 1302 significatione
1546 1228 1897 1301 praedita.

409 1365 728 1441 ἀκήδεια
774 1370 899 1427 sive
946 1362 1175 1440 ἀκηδία
1221 1366 1293 1426 fr.
1322 1367 1522 1426 XXIV
1559 1370 1669 1429 col.
1699 1369 1791 1427 III
1824 1371 1880 1428 9.
1956 1365 2221 1443 ἀκήδεια
2266 1370 2450 1429 habet

545 1458 823 1533 Apollon.
872 1457 1060 1515 Rhod
1107 1456 1202 1514 ΠΙ
1232 1458 1390 1532 298,
1437 1452 1666 1531 ἀκηδία
1720 1458 1942 1536 legitur
1990 1460 2055 1516 in
2100 1458 2278 1533 LXX,
2326 1458 2446 1517 Cic.

546 1547 625 1606 ad
662 1547 788 1637 Att.
832 1549 941 1621 12,
981 1547 1093 1619 44,
1137 1545 1299 1621 apud
1336 1545 1697 1621 Lucianum,
1734 1548 1885 1607 alios
1928 1550 2299 1608 recentiores.
2352 1568 2448 1607 ve·

544 1618 910 1696 tustissimus
940 1636 1110 1694 testis
1140 1638 1230 1693 est
1258 1635 1654 1711 Hippocrates
1701 1654 1764 1696 π.
1795 1632 2036 1697 ἁδινῶν
2074 1658 2131 1712 p.
2165 1639 2312 1710 272,
2344 1639 2446 1697 39.

546 1727 799 1784 fortasse
842 1725 1049 1784 Ionica
1094 1743 1208 1783 vox
1254 1728 1360 1783 est.

410 1810 550 1888 ἀκη
562 1825 712 1889 ρασ
723 1831 796 1872 ια
851 1813 1100 1873 dubium
1155 1817 1246 1873 est
1290 1834 1436 1872 num
1480 1817 1639 1874 recte
1686 1816 2041 1891 suppleatur
2085 1816 2156 1873 fr.
2195 1800 2448 1873 XXXIX

548 1904 657 1963 col.
696 1902 782 1962 IV
815 1908 881 1979 5,
926 1906 1247 1977 inteyritas.
1339 1905 1565 1980 legitur
1619 1904 1778 1979 apud
1832 1903 2097 1979 Apollin.
2152 1904 2448 1980 Metaphr.

547 1994 642 2054 Ps.
696 1996 797 2068 14,
828 1994 864 2052 3
915 1996 974 2052 et
1025 1995 1127 2068 17,
1163 1994 1265 2068 54,
1312 1992 1415 2050 ubi
1462 1993 1761 2072 significat
1796 1996 2054 2068 paritas.
2146 1993 2249 2054 sed
2296 1988 2445 2067 ἀκή-

549 2099 746 2158 ρατος
789 2085 973 2141 etiam
1013 2086 1231 2157 inteqer
1268 2086 1359 2143 est
1401 2086 1461 2141 et
1509 2083 1842 2159 Hesychius
1884 2085 2059 2142 notat
2108 2078 2445 2157 ἀκηρεσία·

548 2169 901 2247 ἀφθαρσία.

413 2258 602 2335 ἄλυς
649 2262 721 2318 fr.
749 2260 939 2318 XXIV
994 2263 1102 2319 col.
1133 2260 1225 2318 III
1259 2264 1359 2319 10.
1452 2263 1679 2336 primus
1733 2260 1952 2320 habere
2002 2261 2242 2319 videtur
2290 2263 2448 2320 Zeno

549 2349 712 2427 apud
768 2348 948 2407 Clem.
1007 2349 1173 2408 Alex.
1220 2350 1399 2409 Paed.
1446 2350 1541 2409 III
1583 2353 1692 2418 11,
1736 2354 1816 2409 74
1868 2342 1967 2432 (fr.
2012 2351 2136 2408 246
2186 2344 2450 2431 Arnim),

549 2441 787 2515 saepius
832 2438 1013 2497 habet
1059 2438 1417 2498 Plutarchus
1464 2443 1524 2498 et
1569 2439 1727 2498 idem
1776 2438 1955 2498 Clem.
2004 2439 2169 2498 Alex.

414 2525 504 2588 ἄν
561 2548 671 2605 pro
729 2524 843 2587 ἐάν
900 2545 1133 2603 semper
1187 2528 1423 2586 dicitur.
1516 2530 1619 2586 cfr.
1678 2528 1921 2587 Schmid
1971 2528 2316 2587 Atticismus
2362 2529 2452 2586 IV

549 2639 605 2693 p.
642 2622 671 2675 1
686 2619 766 2676 23
789 2635 916 2692 sqq.
1009 2617 1328 2693 aliquoties
1374 2619 1438 2676 in
1486 2618 1821 2677 oratoribus
1866 2617 2088 2676 Atticis
2136 2621 2198 2676 et
2242 2618 2451 2676 inscri-

549 2705 854 2782 ptionibus
901 2706 1121 2765 Atticis
1166 2706 1306 2765 inde
1354 2725 1390 2763 a
1437 2725 1586 2765 saec.
1624 2707 1681 2763 V
1719 2726 1771 2765 a.
1813 2705 1965 2781 chr„
2011 2725 2341 2782 numquam
2388 2707 2452 2765 in

549 2798 793 2871 papyris
840 2795 1147 2872 Parisinis,
1193 2798 1315 2854 fere
1362 2814 1690 2870 numquam
1735 2798 1798 2854 in
1844 2795 1963 2854 NT
2008 2796 2340 2871 invenitur,
2387 2798 2454 2855 111

548 2884 895 2960 posterioris
949 2887 1150 2944 tamen
1207 2887 1425 2944 aetatis
1482 2903 1747 2944 sermone
1793 2884 2026 2961 plebeio
2071 2903 2276 2944 rursus
2325 2904 2453 2945 sae·

548 2976 686 3049 pius
733 2977 1074 3050 usurpatur.

415 3059 819 3137 ἀπόφασις
883 3082 993 3139 pro
1050 3060 1284 3141 φάσις,
1342 3059 1577 3138 φάσμα
1642 3064 1712 3121 fr.
1751 3063 1902 3121 VHI
1957 3064 2065 3122 661.
2107 3063 2171 3121 H
2208 3064 2245 3121 8
2306 3063 2456 3122 alibi

550 3173 669 3212 non
713 3153 1035 3212 invenitur.

418 3238 789 3317 βαρὲομαι
863 3261 969 3318 pro
1047 3238 1296 3316 βαρέως
1371 3237 1622 3315 φέρειν,
1699 3240 2040 3301 λυπεῖσθαι
2122 3242 2193 3299 fr.
2258 3240 2455 3299 LXIV

552 3332 661 3390 col.
691 3331 784 3390 III
818 3337 873 3390 9.
941 3333 1044 3391 cfr.
1083 3330 1276 3391 Praef.
1314 3351 1374 3406 p.
1404 3329 1617 3388 XXVI.
1673 3333 1920 3406 propter
1956 3329 2456 3407 significationem

552 3421 647 3479 hic
703 3424 1110 3493 enumeratur,
1167 3420 1271 3479 sed
1327 3420 1433 3478 cfr.
1491 3420 1673 3478 etiam
1728 3419 1836 3478 sub
1882 3419 2127 3479 vocibus
2183 3419 2454 3493 poeticis.

419 3506 644 3585 βάσις
690 3530 798 3585 pro
839 3506 1102 3584 σκέλος,
1149 3509 1316 3583 ποῦς
1364 3509 1437 3570 fr.
1466 3508 1716 3566 XXXIX
1746 3508 1856 3568 col.
1886 3507 1979 3566 HI
2011 3509 2068 3567 6.
2143 3508 2326 3567 semel
2372 3509 2454 3567 le·

553 3601 720 3676 gitur
763 3598 924 3676 apud
971 3599 1284 3658 Platonem
1330 3598 1482 3657 Tim.
1516 3598 1596 3656 92
1612 3617 1674 3673 a,
1721 3616 1897 3672 saepe
1944 3597 2102 3672 apud
2140 3596 2455 3657 Philonem
