2693 4100
1030 1007 1541 1078 mactationes,

404 1211 486 1264 fr.
518 1210 549 1263 1
586 1209 691 1265 col.
722 1210 747 1262 Ι
784 1228 834 1263 v.
865 1218 891 1264 1
931 1210 1047 1265 tale
1067 1210 1208 1279 quid
1237 1212 1565 1266 antecessit:
1605 1215 1782 1282 [ὁρῶν
1808 1217 1943 1278 τοὺς
1969 1221 2088 1278 ταῖς
2116 1221 2297 1278 κεναῖς

256 1289 362 1350 τῆς
415 1287 601 1350 ψυχῆς
655 1284 840 1348 δόξαις
894 1286 1345 1348 ἀκολουθοῦντας
1400 1289 1490 1338 καί
1546 1288 1622 1352 μὴ
1670 1287 1981 1350 ἀκούοντας
2035 1288 2297 1352 σώματος

260 1355 567 1422 έγκλήσεις]
612 1359 682 1421 τῆ
733 1358 886 1421 ψυχῆ
938 1396 1172 1408 ......
1223 1357 1591 1423 ἐπιφέροντος
1637 1359 1726 1410 καὶ
1773 1358 2008 1425 δικαίας,
2057 1359 2144 1411 ὅτι
2181 1362 2294 1411 κτλ.

261 1425 413 1494 quod
450 1424 555 1479 col.
585 1424 636 1477 11
672 1443 721 1477 V.
751 1432 785 1478 4
824 1424 1104 1493 excipitur
1137 1429 1377 1491 τούτους
1413 1429 1516 1482 οὖν
1554 1430 1732 1496 ὀρῶν,
1766 1430 1931 1482 πάλιν
1959 1431 2066 1496 γὰρ
2097 1431 2296 1482 ἐπανα-

260 1498 578 1564 λήμψομαι,
617 1499 994 1563 διακειμένους
1030 1499 1229 1562 οὕτως.

401 1586 452 1621 v.
484 1572 651 1636 3sqq.
702 1567 799 1620 cfr.
838 1567 1007 1621 verba.
1044 1568 1352 1623 Democriti
1388 1568 1457 1622 fr.
1489 1574 1590 1623 159
1629 1568 1784 1623 Diels
1818 1574 1907 1624 καί
1945 1572 2300 1638 Δημόκριτος

262 1643 362 1705 μὲν
400 1642 489 1694 έπί
525 1642 631 1706 τὴν
668 1643 858 1707 ψυχὴν
888 1642 1191 1707 ἀναφέρων
1219 1639 1370 1713 <τὴν
1398 1641 1580 1695 αἰτίαν
1607 1641 1752 1712 τῆς)
1782 1641 2297 1713 κακοδαιμον<ίας>

259 1711 472 1779 φησίν·
523 1711 593 1764 τεἰ
637 1716 740 1764 τοῦ
790 1713 1050 1777 σώματος
1087 1714 1230 1781 αὐτῇ
1272 1713 1431 1779 δίκην
1482 1715 1752 1779 λαχόντος
1787 1715 1939 1781 παρὰ
1976 1714 2161 1767 πάντα
2197 1715 2299 1766 τὸν

261 1783 382 1850 βίον
429 1783 511 1835 ὧν
558 1784 842 1850 ὠδύνηται
889 1782 1065 1853 <καί>
1113 1789 1297 1848 κακῶς
1341 1786 1646 1851 πέπονθεν,
1696 1786 1867 1848 αύτὸς
1920 1787 2141 1849 γένοιτο
2196 1789 2297 1838 τοο

261 1854 608 1919 ἐγκλήματος
644 1852 1020 1925 δκκαστής>,
1068 1857 1251 1920 ἡδέως
1298 1857 1366 1908 ἂν
1414 1856 1915 1923 καταψηφίσασθαι
1959 1860 2062 1922 τῆς
2098 1860 2299 1922 ψυχῆς,

261 1925 365 1992 ἐφ’
401 1924 485 1989 οἷς
519 1927 591 1978 τὰ
630 1928 729 1991 μὲν
768 1927 1025 1979 ἀπώλεσε
1060 1931 1162 1978 τοῦ
1204 1928 1466 1992 σώματος
1500 1933 1620 1990 ταῖς
1657 1927 1931 1993 ἀμελείαις
1959 1930 2048 1980 καί
2079 1929 2300 1981 ἐξέλυσε

260 2003 381 2061 ταῖς
429 1999 640 2064 μέθαις,
697 1999 767 2050 τὰ
825 1999 887 2050 δὲ
934 1999 1263 2065 κατέφθειρε
1315 2001 1404 2052 καί
1443 2000 1708 2053 διέσπασε
1764 2005 1883 2063 ταῖς
1934 1999 2301 2067 φιληδονίαις,

261 2071 456 2136 ὥσπερ
506 2070 748 2135 ὀργάνου
795 2067 947 2133 τὶνὸς
992 2072 1027 2135 ἢ
1078 2071 1313 2133 σκεύους
1360 2075 1543 2134 κακῶς
1589 2072 1817 2136 ἔχοντος
1862 2073 1963 2124 τὸν
2010 2073 2302 2137 χρώμενον

262 2140 677 2205 αἰτιασάμενος’
734 2141 791 2193 et
847 2138 1003 2208 Epic.
1063 2140 1218 2208 apud
1263 2140 1358 2193 Us.
1406 2140 1473 2193 fr.
1506 2145 1610 2195 445
1664 2144 1804 2209 μηδὲ
1851 2142 2151 2208 αἰτιώμεθα
2196 2145 2303 2209 τὴν

263 2212 441 2278 σάρκα
480 2213 556 2275 ὡς
591 2216 708 2264 τῶν
748 2213 1005 2277 μεγάλων
1043 2217 1231 2266 κακῶν
1269 2213 1451 2266 αἰτίαν
1482 2212 1619 2280 μηδ’
1656 2213 1732 2277 εἰς
1758 2215 1828 2266 τὰ
1856 2215 2155 2280 πράγματα
2182 2215 2303 2280 τρέ-

263 2300 457 2347 πωμεν
493 2285 594 2346 τὰς
630 2285 945 2351 δυσφορὰς,
987 2285 1047 2336 ἐν
1086 2286 1148 2337 δὲ
1182 2290 1253 2352 τῇ
1293 2290 1447 2352 ψυχῇ
1485 2286 1587 2348 τὰς
1621 2286 1845 2337 τούτων
1882 2285 2058 2348 αἰτίας
2094 2289 2302 2351 μᾶλλον

265 2357 520 2420 Ζητῶμεν
559 2357 671 2407 κτλ.
1516 2397 1523 2401 .

411 2442 457 2477 v,
491 2428 522 2477 8
546 2430 576 2477 9
625 2424 695 2477 de
735 2441 965 2493 corpore
1010 2442 1124 2478 non
1160 2425 1340 2480 multo
1377 2425 1671 2495 indigente
1711 2425 1807 2479 cfr.
1848 2425 1943 2480 Us.
1981 2424 2077 2479 frr.
2107 2430 2211 2479 200
2250 2428 2309 2481 et

261 2500 366 2548 602
407 2499 465 2550 et
576 2495 709 2550 otke
747 2497 922 2550 Wien.
962 2496 1120 2551 Stud.
1151 2496 1201 2549 X
1233 2502 1333 2550 193
1374 2499 1513 2569 seut.
1546 2502 1613 2550 33
1654 2500 1860 2565 σαρκός
1896 2501 2064 2566 φωνὴ
2107 2500 2175 2551 τό
2225 2501 2300 2564 μὴ

259 2572 497 2694 ἵλετιῐίὲων
535 2570 1124 2706 ἔξειεὴκᾶἳνιψέίί’ύῖτῖρ
1135 2571 1516 2704 μὲδῗιγιῖιῗνίας
1544 2572 1870 2707 ἶιοαῗέσιαίὲεξ).
1908 2572 2307 2707 ἔξῖὶὶζιιῖῑςκύὲῗ

263 2712 377 2765 δόξ.
420 2716 486 2763 15
526 2711 584 2762 et
621 2715 685 2761 21
728 2712 787 2764 et
822 2708 888 2762 fr.
927 2715 1033 2763 469
1079 2710 1176 2764 Us.
1217 2710 1558 2765 conferenda
1605 2713 1736 2764 sunt
1773 2710 1858 2781 (fr.
1889 2717 1995 2765 469
2033 2714 2191 2779 χάρις
2234 2718 2304 2779 τῇ

264 2782 504 2850 μακαρίᾳ
552 2783 743 2848 φύσει,
795 2783 881 2835 ὅτι
927 2784 998 2835 τὰ
1045 2783 1317 2846 ἀναγκαῖα
1366 2784 1629 2851 ἐποίησεν
1677 2785 2079 2851 εὐπόριστα,
2135 2785 2206 2836 τὰ
2246 2786 2307 2837 δὲ

266 2855 612 2920 δυσπόριστα
651 2854 756 2906 οὐκ
795 2852 1100 2918 ἀναγκαῖα’.

407 2941 457 2976 v.
491 2927 556 2976 10
572 2940 692 2991 sqq.
741 2925 823 2977 ὧν
881 2926 1110 2978 δύναται
1167 2928 1257 2978 καὶ
1302 2928 1336 2991 ἡ
1388 2927 1542 2991 ψυχὴ
1593 2928 2066 2980 συναπολαύουσα
2124 2929 2305 2988 καλῶς

262 2996 496 3063 διάγειν]
535 2995 632 3048 cfr.
672 2994 948 3063 imprimis
987 2995 1082 3048 Us.
1121 2992 1188 3048 fr.
1218 3001 1322 3048 429
1364 2996 1411 3049 εἰ
1440 2996 1498 3050 δ’
1526 2998 1748 3061 ἀκούεις
1775 2999 1965 3050 αὐτῶν
1995 3013 2311 3064 μαρτυρου-

264 3069 452 3132 μένων
498 3070 588 3120 καί
636 3070 930 3135 βοώντων,
980 3069 1056 3130 ὡς
1103 3067 1189 3121 ἐπ’
1235 3069 1424 3121 οὐδενὶ
1471 3070 1625 3134 ψυχὴ
1671 3074 1788 3121 τῶν
1846 3070 2030 3122 ὄντων
2087 3070 2305 3133 πέφυκε

263 3138 471 3204 χαίρειν
518 3140 607 3191 καὶ
652 3138 962 3205 γαληνίζειν
1008 3141 1156 3204 πλὴν
1202 3141 1291 3193 ἐπὶ
1339 3140 1602 3204 σώματος
1647 3142 1876 3205 ἡδοναῖς
1910 3140 2219 3206 παρούσαις
2267 3141 2300 3203 ἢ

260 3211 779 3276 προσδοκωμέναις,
820 3213 909 3263 καὶ
945 3214 1118 3263 τοῦτο
1156 3212 1331 3276 αὐτῆς
1369 3212 1579 3274 ἀγαθόν
1619 3213 1795 3277 ἐστιν,
1837 3210 1926 3277 ἀρ’
1962 3211 2030 3263 ού
2070 3208 2304 3264 δοκοῦσί

269 3294 359 3334 σοι
399 3283 511 3333 κτλ.
591 3279 688 3333 cfr.
729 3279 904 3333 etiam
941 3279 1036 3332 frr.
1068 3285 1190 3346 425,
1219 3285 1341 3333 418.

412 3349 515 3405 col.
547 3350 597 3404 Π
636 3369 682 3404 v.
721 3357 787 3405 10
823 3356 893 3418 τῆ
925 3357 1042 3405 τῶν
1072 3354 1291 3419 χρόνων
1322 3353 1594 3419 ἀπωλεία]
1629 3351 1698 3404 de
1728 3350 1798 3403 iis
1828 3351 2044 3404 dictum
2072 3354 2173 3418 est,
2214 3350 2307 3418 qui

264 3422 402 3490 quia
455 3422 713 3477 nesciunt
771 3437 915 3491 quae
962 3421 1073 3475 sibi
1119 3422 1339 3491 prosint
1387 3438 1453 3476 ea
1499 3424 1778 3490 quaerunt
1824 3439 1969 3490 quae
2016 3439 2129 3475 non
2179 3438 2309 3490 pro·

265 3495 422 3561 sunt,
460 3493 521 3545 id
558 3497 644 3547 est
680 3494 987 3547 secundum
1029 3492 1330 3562 Epicurum
1368 3493 1437 3560 ii,
1475 3493 1574 3563 qui
1609 3501 1730 3558 ταῖς
1766 3501 1951 3559 κεναῖς
1990 3499 2093 3561 τῆς
2126 3498 2313 3561 ψυχῆς

265 3567 450 3629 δόξαις
487 3563 884 3634 obsequuntur.
961 3563 1057 3618 cfr.
1098 3565 1402 3634 praecipue
1440 3564 1681 3633 Epictet.
1722 3564 1853 3618 diss,
1884 3564 1963 3618 III
1998 3570 2084 3631 26,
2115 3570 2182 3617 36
2222 3568 2311 3618 καί

261 3639 330 3690 τό
366 3642 469 3690 τοῦ
510 3639 831 3704 φιλοσόφου
872 3640 1057 3704 δῶρον
1093 3642 1264 3691 τοῦτο
1303 3640 1376 3704 ῆν
1414 3635 1555 3705 (scil.
1596 3639 1928 3703 ἀναβλέπειν
1968 3639 2157 3704 ὀρθοῖς
2191 3643 2309 3699 τοῖς
