2693 4100
1215 253 1725 308 ..mm-

450 435 655 499 προσ
665 421 853 498 ταγή
903 425 974 484 fr.
1003 424 1104 499 XI,
1139 427 1194 483 2.
1258 425 1568 488 iuvenitur
1612 424 1776 499 apud
1811 425 2126 499 scriptores
2174 425 2350 485 valde
2395 445 2484 482 re·

584 516 798 573 centes.
900 513 1119 575 Moeris
1176 533 1233 589 p.
1273 514 1400 572 207
1459 512 1721 571 Bekker:
1786 510 2139 587 πρόσταξις
2198 509 2479 585 Ἀττικοί,

584 599 924 676 προσταγὴ
972 598 1297 676 Ἕλληνες.

450 687 930 766 προσφάτως
976 710 1167 766 nuper
1210 693 1282 750 fr.
1311 690 1503 750 LXIV
1551 691 1660 750 col.
1699 690 1793 749 ΙΠ
1831 694 1888 749 4.
1980 691 2084 750 cfr.
2141 711 2198 767 p.
2237 690 2479 751 XXVII.

451 777 594 840 σύν
650 799 787 839 cum
841 780 1048 840 dativo
1104 799 1433 856 numquam
1489 780 1820 839 adhibetur.
1911 779 1983 838 de
2029 781 2144 839 hac
2188 798 2333 839 voce
2378 780 2480 839 cfr.

583 869 784 945 Tyoho
831 869 1160 933 Mommsen
1206 870 1390 931 Beitr.
1438 886 1485 927 z.
1523 870 1717 929 Lehre
1761 887 1814 927 v.
1861 871 1918 929 d.
1959 870 2169 943 yriech.
2217 869 2484 942 Βάρος,

583 961 689 1035 qui
724 977 955 1021 summa
986 958 1303 1036 diligentia
1333 976 1508 1017 usum
1536 958 2054 1035 praepositionum
2083 954 2209 1018 σύν
2238 960 2300 1016 et
2328 953 2484 1032 μετά

579 1050 989 1123 perscrutatus
1045 1054 1150 1108 est.
1263 1044 1389 1108 σύν
1446 1066 1650 1107 vocem
1705 1050 2028 1123 poeticam,
2090 1066 2243 1124 quae
2300 1046 2484 1106 etiam

583 1136 745 1213 apud
782 1139 1101 1214 scriptores
1147 1136 1383 1197 Ionicos
1412 1137 1801 1212 Herodotum,
1830 1137 2279 1213 Hippocratem,
2315 1136 2480 1194 Arri-

584 1244 765 1285 anum
812 1217 1113 1308 (Ἰνδική),
1158 1226 1485 1286 Aretaeum
1519 1227 1972 1302 praeponderat,
2019 1226 2251 1302 primus
2296 1227 2481 1300 repri-

578 1317 692 1375 mit
727 1316 1063 1392 Euripides,
1109 1335 1353 1392 perraro
1398 1315 1682 1375 adhibent
1718 1317 2034 1392 scriptores
2071 1314 2263 1375 Attici
2300 1317 2481 1390 atque

579 1403 857 1478 Aristot.,
918 1404 1240 1480 Theophr.,
1300 1405 1536 1481 Polyb„
1599 1405 1801 1479 Diod.,
1858 1404 2100 1480 StrabO,
2155 1402 2483 1481 Longinus,

579 1492 751 1552 Philo
799 1492 964 1567 Jud.,
1011 1493 1211 1569 Apoll.
1258 1493 1466 1571 Dysc.,
1513 1495 1837 1571 Josephus,
1892 1493 2068 1568 Plut.,
2126 1493 2240 1553 Dio
2293 1491 2486 1567 Cass.;

580 1584 817 1657 saepius
877 1583 1192 1658 adhibent,
1252 1585 1448 1643 rarius
1507 1586 1711 1644 tamen
1773 1601 1956 1660 quam
2016 1578 2174 1657 μετά
2234 1602 2281 1642 c.
2347 1601 2480 1660 gen.

578 1670 887 1745 Artemid,
934 1671 1114 1732 Marc.
1153 1673 1316 1749 Aur.,
1355 1672 1595 1748 Athen,
1635 1672 1912 1747 GalenuS,
1950 1672 2266 1733 LucianuS.
2339 1673 2481 1731 sunt

576 1762 683 1836 qui
740 1762 1058 1836 utriusque
1116 1762 1580 1838 praepositionis
1649 1781 1906 1838 aequum
1975 1762 2096 1821 fere
2163 1779 2476 1819 numerum

575 1849 917 1923 praebeant.
1012 1851 1332 1912 Atticistae
1382 1853 1584 1911 autem
1636 1855 1701 1910 in
1746 1852 2096 1910 universum
2139 1846 2267 1909 σύν
2315 1852 2481 1909 ante-

575 1942 809 2013 ponunt
862 1942 1298 2017 praepositioni
1354 1936 1511 2015 μετά
1559 1961 1604 2000 c.
1644 1961 1804 2018 gen„
1852 1941 1955 1999 cfr.
2005 1942 2188 1998 etiam
2237 1938 2480 1999 Schmid

577 2028 615 2087 l.
647 2046 693 2087 c.
740 2028 828 2088 IV
874 2050 930 2104 p.
965 2031 1109 2090 625.
1176 2033 1236 2089 in
1275 2031 1334 2091 N
1346 2032 1396 2091 T
1445 2049 1680 2109 quoque
1726 2028 1888 2107 apud
1933 2028 2175 2104 Lucam,
2220 2028 2478 2087 Paulum

576 2119 734 2177 solos
789 2121 1025 2196 saepius
1081 2120 1412 2195 invenitur,
1468 2123 1583 2180 etsi
1638 2121 1774 2179 aliis
1822 2138 2058 2196 quoque
2112 2138 2230 2177 non
2297 2118 2481 2192 deest,

576 2207 678 2265 cfr.
735 2207 912 2268 Blass
969 2207 1066 2268 Gr.
1125 2210 1179 2268 d.
1235 2210 1354 2269 NT
1411 2232 1466 2286 p.
1511 2211 1653 2270 128.
1747 2209 2012 2285 Epicteti
2064 2209 2184 2267 tria
2238 2210 2481 2266 tantum

577 2296 848 2372 exempla
893 2301 1066 2358 notat
1111 2300 1176 2357 in
1220 2299 1417 2358 indice
1464 2299 1738 2360 Schenkl.
2335 2353 2338 2356 ,

443 2383 931 2459 συνχρῆσθαί
1024 2404 1144 2447 τινι
1226 2391 1609 2463 familiariter
1697 2390 1785 2448 uti
1875 2387 2070 2460 aliquo
2148 2387 2220 2444 fr.
2285 2379 2482 2443 LXIV

575 2474 684 2534 col.
712 2473 808 2534 111
841 2478 938 2534 10.
1031 2476 1135 2535 cfr.
1181 2497 1240 2553 p.
1270 2475 1548 2538 XXVIII.

443 2560 699 2622 σκέπω
757 2566 939 2637 teyere
993 2565 1066 2623 fr.
1103 2566 1159 2623 X
1212 2567 1321 2625 col.
1360 2566 1391 2624 I
1434 2569 1488 2624 7.
1581 2567 1886 2626 invenitur
1932 2564 2093 2641 apud
2136 2562 2480 2640 Polybium,

576 2652 831 2727 Epictet.
878 2654 948 2714 fr.
982 2655 1084 2729 23,
1119 2656 1198 2714 13
1249 2647 1639 2736 (ἀποσκὲπω
1685 2656 1780 2714 ΠΙ
1811 2657 1913 2729 22,
1946 2645 2076 2735 65).
2168 2654 2482 2728 praeterea

573 2744 864 2804 notantur
916 2745 982 2801 in
1038 2744 1341 2804 Thesauro
1399 2745 1715 2815 Aretaeus‚
1763 2744 2078 2817 Arrianus,
2120 2741 2483 2802 Heliodorus

574 2831 898 2892 Emesenus
938 2834 999 2891 et
1044 2851 1115 2891 ex
1151 2833 1458 2894 Atticistis
1496 2833 1811 2907 LucianuS,
1855 2832 1931 2894 ad
1969 2852 2149 2908 quom
2186 2831 2481 2892 accedunt

572 2921 691 2979 Dio
749 2919 1051 3091 Gh)rysost.
1117 2926 1177 2981 et
1241 2923 1533 2984 Aelianus
1597 2916 1734 3003 (cfr.
1791 2922 2032 3042 Schmid
2075 2922 2115 2978 l.
2155 2940 2201 2979 c.
2249 2920 2281 2978 Ι
2330 2921 2480 2992 163,

436 3095 649 3172 σύρω
695 3118 805 3174 pro
844 3095 1010 3162 ἕλκω
1047 3102 1119 3162 fr.
1149 3101 1198 3176 I,
1231 3103 1286 3160 7.
1343 3104 1540 3161 exstat
1575 3103 1642 3165 in
1685 3100 1872 3175 LXX,
1928 3100 2046 3158 NT
2104 3091 2269 3179 (Joh.
2301 3055 2405 3172 21,
2437 3098 2506 3155 8.

575 3183 892 3264 σύροντες
949 3188 1024 3250 τὸ
1072 3183 1388 3272 δίκτυον),
1447 3190 1608 3266 apud
1655 3189 2029 3263 Strabonem,
2065 3187 2481 3259 Plutarchum,

575 3275 846 3342 Cassium
884 3279 1156 3354 Dionem,
1192 3280 1621 3354 Herodianum,
1649 3278 1999 3352 Lucianum,
2041 3277 2478 3336 Philostratum

571 3367 894 3427 secundum
952 3362 1085 3450 (cfr
1134 3368 1379 3429 Schmid
1433 3371 1470 3427 l.
1512 3387 1559 3427 c.
1605 3368 1692 3426 IV
1738 3389 1795 3445 p.
1828 3359 2013 3449 331),
2066 3367 2242 3441 alios,
2291 3367 2481 3425 etiam

572 3459 784 3531 poetae
829 3457 1234 3537 Anthologiae
1282 3460 1611 3535 primorum
1668 3460 2099 3533 imperatorum
2145 3457 2343 3514 aetate
2389 3453 2480 3512 vi-

573 3548 775 3606 ventes
822 3547 1178 3606 vocabulum
1224 3550 1536 3623 usurpant.

431 3631 740 3710 τρανόω
797 3637 867 3693 fr.
904 3636 1068 3695 XXX
1125 3637 1235 3696 col.
1282 3636 1344 3695 H
1385 3638 1421 3695 3
1463 3639 1524 3695 et
1564 3638 1631 3711 5,
1686 3638 1938 3695 fortasse
1996 3634 2190 3696 etiam
2224 3634 2296 3697 fr.
2335 3632 2484 3691 XXI
