2693 4100
1066 267 1477 321 -Xlx—

254 436 321 493 de
374 436 927 513 innumerabilitate
981 435 1337 495 mundorum
1394 439 1455 496 et
1509 437 1980 514 disputationem
2028 439 2286 497 ethicam

254 542 385 582 cum
412 525 624 600 quinto
663 526 891 584 decimo
922 542 1095 583 versu
1133 528 1462 584 sententias
1500 529 1840 586 continente
1869 529 1930 586 et
1958 529 2285 588 sententias

252 614 348 672 frr.
383 616 641 673 27-32
675 606 844 695 (LVI
861 607 1020 694 sqq.)
1050 614 1257 673 eadem
1293 614 1358 672 in
1387 615 1710 674 altitudine
1737 615 2057 692 inscriptas
2085 619 2287 692 fuisse,

253 721 425 778 super
450 703 545 762 his
574 707 776 762 autem
805 704 1059 762 alteram
1091 703 1361 778 lapidum
1395 704 1608 764 seriem
1636 697 1933 786 (46-—50
1952 697 2095 786 cm),
2132 725 2284 781 quae

185 870 188 872 v
251 793 436 850 solam
465 792 931 868 disputationem
959 792 1273 868 physicam
1298 793 1545 852 haberet
1565 786 1696 875 (cfr.
1726 794 2000 853 tabulam
2026 816 2083 871 p.
2109 787 2284 877 105).

251 898 425 957 super
468 882 561 940 his
609 886 812 941 autem
857 882 1038 940 series
1086 881 1358 957 lapidum
1395 885 1540 955 erat,
1579 902 1732 959 quae
1770 886 1987 943 mixtos
2024 885 2286 943 habebat

249 970 476 1046 lapides
526 972 790 1030 45—50
819 988 911 1029 cm
958 972 1020 1028 et
1060 972 1313 1029 37—41
1353 991 1446 1030 cm
1483 973 1657 1046 altos,
1703 976 1773 1030 ut
1817 974 2283 1048 inaequalitates

247 1059 593 1118 inferiorum
629 1060 902 1136 lapidum
936 1064 1416 1136 exaequarentur
1453 1052 1587 1141 (cfr.
1616 1080 1776 1136 quae
1797 1063 1919 1119 iam
1949 1080 2129 1138 supra
2159 1063 2284 1121 dixi

246 1169 301 1223 p.
331 1147 482 1206 VIII
501 1141 645 1228 sq.);
693 1167 834 1207 nam
880 1153 950 1207 ut
988 1149 1322 1225 exemplum
1368 1149 1632 1225 afferam,
1679 1150 1869 1226 lapidi
1910 1152 1989 1210 56
2023 1170 2116 1210 cm
2154 1153 2280 1212 alto

246 1257 377 1296 cum
423 1240 871 1313 imponerentur
926 1238 1043 1296 duo
1101 1238 1331 1314 lapides
1380 1241 1463 1297 46
1496 1257 1590 1297 cm
1637 1239 1775 1313 alti,
1822 1239 2027 1298 eadem
2075 1242 2286 1301 effecta

247 1329 336 1387 est
381 1324 638 1387 altitudo
687 1331 868 1403 atque
915 1346 1049 1385 cum
1095 1327 1287 1402 lapidi
1325 1329 1411 1386 60
1441 1346 1532 1385 cm
1580 1328 1703 1387 alto
1751 1327 2158 1404 imponeretur
2194 1331 2280 1388 la-

251 1417 341 1492 pis
400 1417 483 1475 50
521 1435 614 1475 cm
667 1417 923 1491 huicque
978 1417 1136 1492 lapis
1194 1416 1275 1475 38
1318 1435 1412 1474 cm
1467 1417 1627 1477 altus
1675 1409 1833 1498 (148
1865 1411 2003 1500 cm).
2095 1418 2282 1478 talem

243 1508 442 1565 autem
496 1508 567 1564 ut
620 1525 853 1565 sumam
906 1505 1177 1581 lapidum
1223 1506 1460 1564 diversa
1516 1506 1837 1564 altitudine
1884 1509 2096 1567 seriem
2144 1527 2280 1567 cum

247 1613 315 1654 eo
361 1613 751 1669 commoveor,
799 1595 956 1670 quod
1005 1595 1295 1670 epistulas
1343 1597 1403 1653 et
1447 1597 1512 1653 in
1548 1595 1660 1655 hoc
1698 1598 1759 1654 et
1803 1597 1868 1655 in
1912 1597 2018 1655 illo
2066 1617 2280 1673 genere

239 1683 509 1758 lapidum
564 1684 780 1743 incisas
836 1702 962 1743 esse
1018 1683 1286 1743 videmus
1363 1675 1494 1764 (cfr.
1562 1685 1663 1743 frr.
1728 1687 1990 1743 21-24
2036 1680 2281 1765 [LXHL

238 1770 460 1848 LXIV]
509 1775 569 1832 et
617 1775 696 1830 26
737 1767 1005 1852 [LXV])‚
1051 1777 1181 1831 tum
1235 1774 1493 1832 maxime
1549 1792 1645 1847 eo,
1705 1774 1864 1850 quod
1930 1776 2114 1833 etiam
2160 1776 2276 1835 dis-

243 1862 478 1937 putatio
517 1861 590 1921 de
628 1866 932 1922 senectute
968 1862 1031 1919 in
1069 1864 1324 1937 utroque
1372 1881 1585 1939 genere
1622 1862 1890 1938 lapidum
1928 1864 2150 1939 scripta
2189 1868 2281 1923 est

242 1943 373 2032 (cfr.
402 1952 506 2009 frr.
540 1953 577 2010 5
611 1946 896 2030 [LXXIII
925 1952 1033 2010 col.
1062 1951 1127 2010 H
1157 1944 1425 2029 6—10]‚
1456 1952 1494 2009 8
1529 1947 1746 2028 [LXXI
1781 1952 1889 2010 col.
1919 1952 1983 2011 H
2012 1951 2281 2029 6—10]‚
2336 2008 2340 2012 .

241 2045 268 2099 1
286 2041 501 2100 5—19
526 2035 764 2120 [LXIX,
792 2039 1034 2115 LXXII,
1062 2034 1709 2120 LXXVHI—LXXX]
1749 2044 1808 2100 et
1835 2041 1937 2100 frr.
1969 2043 2008 2099 4
2039 2036 2277 2122 [Lxx]‚

244 2133 329 2189 10
360 2124 689 2210 [LXXIV],
723 2131 803 2189 25
849 2124 1181 2209 [LXXXI]3
1220 2131 1401 2189 semel
1435 2124 1542 2232 [fr.
1585 2133 1663 2188 17
1693 2125 2056 2211 =LXXIX]
2096 2133 2282 2191 etiam

234 2220 393 2295 lapis
433 2221 515 2278 43
549 2239 638 2278 cm
680 2220 838 2279 altus
876 2212 1223 2301 invenitur).
1273 2239 1393 2295 qua
1429 2221 1495 2277 in
1530 2221 1681 2278 serie
1719 2220 2073 2297 legebantur
2109 2241 2280 2296 prae-

237 2310 391 2368 fatio
439 2304 540 2378 (fr
574 2310 610 2366 3
645 2302 916 2387 [LXII])‚
965 2308 1257 2383 epistulae
1286 2311 1349 2367 et
1374 2310 1802 2369 testamentum
1851 2301 1980 2390 (frr.
2014 2313 2186 2368 21—-
2195 2313 2275 2368 24

234 2381 514 2477 [LXIH],
555 2398 635 2455 26
671 2392 908 2476 [LXV]‚
949 2400 985 2457 2
1019 2389 1300 2477 [LXVI])
1350 2400 1412 2456 et
1454 2397 1765 2457 inferiores
1812 2403 2013 2473 partes
2055 2400 2277 2458 colum-

231 2505 449 2545 narum
486 2485 913 2562 disputationis
952 2486 1023 2545 de
1065 2489 1368 2546 senectute
1407 2479 1537 2567 (frr.
1570 2489 1609 2544 4
1641 2481 1876 2565 [LXX]‚
1925 2490 1962 2545 5
1995 2481 2278 2565 [LXXIII

236 2577 347 2635 col.
377 2576 443 2633 H
474 2570 751 2654 6—10]‚
799 2577 836 2633 8
871 2569 1090 2654 [LXXI
1127 2576 1236 2635 col.
1265 2576 1330 2634 H
1370 2572 1646 2653 6—10]‚
1697 2578 1777 2634 10
1808 2569 2143 2654 [LXXIV],
2195 2580 2273 2637 15

234 2667 418 2723 —19
461 2659 708 2743 [LXIX,
745 2664 993 2739 LXXII,
1030 2658 1725 2742 LXXVHI—LXXX]‚
1784 2666 1865 2724 25
1916 2658 2271 2746 [LXXXID.

231 2755 346 2813 hoc
396 2756 597 2813 autem
644 2755 941 2812 sententia
984 2773 1119 2812 mea
1166 2755 1373 2829 aliquo
1420 2754 1596 2813 modo
1633 2753 1937 2830 probatur.
2006 2756 2058 2812 si
2093 2753 2271 2813 huius

229 2848 294 2902 et
347 2843 516 2902 illius
573 2844 806 2920 generis
860 2843 1089 2919 lapides
1144 2844 1490 2917 variabant,
1545 2845 1615 2901 ut
1658 2842 2122 2919 inaequalitates
2180 2862 2276 2901 ex-

230 2935 660 3008 aequarentur‚
689 2932 968 2992 nimirum
1011 2934 1346 3007 superiores
1375 2935 1673 3008 margines
1702 2933 2013 3007 utriusque
2041 2934 2276 3009 generis

228 3022 361 3080 fere
409 3021 618 3080 eadem
662 3023 727 3079 in
775 3020 1096 3080 altitudine
1135 3024 1323 3095 erant,
1370 3021 1681 3080 inferiores
1728 3023 1930 3079 autem
1976 3022 2275 3097 margines

227 3110 518 3169 altiorum
574 3110 846 3186 lapidum
900 3102 1195 3190 (46--50
1235 3102 1355 3191 cm)
1411 3110 1660 3168 inferius
1718 3112 1890 3168 erant
1936 3128 2119 3184 quam
2163 3109 2275 3167 hu-

225 3199 541 3257 miliorum
598 3191 888 3279 (37-41
923 3192 1062 3280 cm).
1163 3201 1370 3275 itaque
1426 3200 1490 3258 in
1553 3199 1943 3257 inscribendis
2000 3199 2274 3272 epistulis

228 3292 296 3347 et
353 3290 714 3347 testamento
770 3291 841 3346 ut
894 3307 1088 3364 aequa
1143 3289 1551 3347 columnarum
1613 3287 1869 3347 altitudo
1918 3290 2275 3360 servaretur,

224 3377 521 3436 altiorum
580 3376 849 3452 lapidum
918 3381 1152 3452 partem
1219 3378 1561 3436 inferiorem
1624 3395 1875 3436 vacuam
1937 3377 2274 3452 relinquere

225 3467 524 3542 oportuit.
575 3467 734 3542 quod
762 3485 968 3525 revera
1005 3468 1069 3523 in
1097 3466 1200 3524 frr.
1234 3469 1271 3523 2
1304 3458 1555 3546 (LXVI)
1584 3470 1645 3525 et
1676 3468 1755 3524 26
1788 3457 2009 3548 (LXV)
2046 3466 2275 3525 factum

230 3572 369 3614 esse
414 3553 701 3613 videmus.
743 3588 825 3595 -
866 3556 1003 3614 huic
1051 3557 1249 3614 autem
1297 3555 1473 3613 seriei
1508 3554 1777 3630 impositi
1824 3555 1996 3613 erant
2041 3554 2272 3631 lapides

222 3645 502 3703 33-35
535 3662 626 3703 cm
672 3644 794 3703 fere
843 3645 971 3722 alti,
1019 3646 1124 3719 qui
1162 3646 1522 3719 superiorem
1562 3646 1797 3702 tantum
1835 3646 2069 3720 partem
2106 3645 2275 3703 tituli

1877 3741 1950 3793 b*
