2693 4100
1211 230 1658 294 -74...

417 403 533 454 qua
570 386 810 455 scriptor
837 388 1209 442 admoneatur
1243 391 1309 441 ut
1336 388 1397 440 in
1424 387 1714 457 lapidibus
1742 388 1984 442 aeternis
2012 392 2315 459 praecepta
2353 406 2455 443 sua

418 458 651 512 incidat.
746 458 805 511 in
860 459 1186 528 parenthesi
1241 462 1433 513 autem
1489 477 1587 513 cur
1643 459 1754 514 sibi
1811 476 1978 514 curae
2032 477 2152 515 esse
2209 461 2458 516 debeant

417 529 630 599 posteri
680 546 853 584 causa
904 530 1120 597 addita,
1173 532 1318 584 hanc
1368 531 1600 584 tertiam
1660 530 1826 585 affert
1884 548 2113 585 causam
2161 532 2456 586 incidendi

416 600 599 656 libelli
655 602 758 655 col.
788 601 840 654 V
895 621 943 656 v.
975 609 1025 668 4,
1081 603 1234 670 quod
1287 603 1523 656 humani
1578 603 1684 656 viri
1738 605 1841 671 est,
1897 603 2070 657 etiam
2125 604 2454 674 peregrinos

418 673 702 727 adiuvare.
791 674 890 727 sed
942 691 1070 727 cum
1119 673 1314 727 multis
1377 674 1784 730 additamentis
1834 674 2004 728 nimis
2054 675 2457 729 intumesceret

420 744 726 810 sententia,
781 745 898 797 iam
959 762 1100 814 opus
1157 748 1279 798 erat
1333 745 1454 799 eius
1508 745 1737 799 initium
1791 746 1852 799 in
1905 748 2152 801 mentem
2204 747 2459 801 revocari

420 815 546 885 (col.
578 816 628 867 V
674 834 721 869 v.
754 819 834 885 8);
889 821 1011 870 tum
1058 817 1302 885 denique
1350 818 1604 886 sequitur
1650 818 1915 887 apodosis
1961 818 2065 873 col.
2095 818 2145 871 V
2179 836 2229 871 v.
2263 825 2346 872 12.
2390 830 2447 858 -·

419 888 536 941 iam
574 889 750 941 videri
788 890 994 957 potest,
1030 904 1201 956 quam
1239 888 1713 959 significationem
1757 889 1971 943 habeat
2013 906 2119 943 vox
2165 893 2456 957 διαβέβηκε

422 959 525 1013 col.
556 959 606 1010 V
662 977 711 1014 v.
742 965 798 1019 9,
855 976 1026 1026 quam
1062 960 1177 1012 HK
1229 978 1286 1028 p.
1316 966 1440 1026 433,
1496 977 1623 1014 cum
1678 963 1862 1014 totum
1916 961 2023 1015 hoc
2076 961 2460 1032 fragmentum

421 1030 700 1100 epistulae
739 1029 904 1085 alteri
943 1032 1169 1085 cuidam
1207 1032 1278 1085 ad
1317 1032 1681 1101 Antipatrum
1721 1033 1889 1087 datae
1927 1032 2259 1096 attribuant,
2311 1033 2459 1086 hanc

420 1103 604 1171 ipsam
660 1102 731 1155 ob
791 1119 1018 1156 causam
1073 1103 1313 1173 perfecti
1367 1103 1605 1157 formam
1658 1104 1869 1157 habere
1925 1103 2287 1157 arbitrantur.
2375 1103 2460 1158 ita

421 1175 588 1239 enim,
626 1175 689 1227 ut
727 1173 964 1243 videtur,
1003 1190 1127 1228 eam
1160 1191 1346 1228 vocem
1377 1174 1736 1245 intellegunt,
1774 1175 1938 1244 quasi
1967 1175 2247 1245 Diogenes
2286 1176 2459 1242 dicat,

422 1263 546 1299 cum
585 1244 887 1314 Antipater
921 1246 1224 1315 epistulam
1262 1250 1596 1315 accepturus
1635 1246 1734 1315 sit,
1791 1246 2047 1300 subsidia
2081 1248 2459 1314 (βοηθήματα)

421 1318 539 1370 iam
576 1318 650 1370 ad
686 1317 874 1385 plures
911 1319 1220 1371 transitura
1256 1317 1449 1384 fuisse,
1500 1318 1561 1370 id
1598 1321 1702 1383 est,
1740 1318 1856 1371 iam
1891 1318 2081 1386 plures
2117 1321 2239 1371 tum
2278 1318 2462 1372 subsi-

424 1389 652 1442 diorum·
697 1388 925 1442 illorum
976 1389 1281 1458 participes
1333 1389 1553 1443 futuros
1606 1406 1742 1443 esse.
1830 1406 1975 1459 quae
2026 1390 2128 1455 vis,
2179 1389 2462 1458 siquidem

422 1463 574 1514 recte
613 1460 799 1513 adhuc
845 1461 1206 1530 interpretati
1253 1479 1471 1529 sumus,
1521 1461 1609 1515 illi
1647 1461 1815 1516 verbo
1862 1461 2019 1515 nullo
2065 1461 2230 1516 modo
2277 1461 2462 1514 inesse

423 1533 626 1601 potest.
703 1533 876 1585 immo
931 1532 1122 1601 potius
1168 1531 1354 1586 verbis
1392 1535 1584 1600 ἐπειδὴ
1632 1535 1736 1588 οὖν
1779 1535 1855 1598 εἰς
1899 1539 1989 1588 πλ.
2048 1534 2344 1599 διαβέβηκε
2389 1534 2461 1585 τὰ

426 1608 472 1669 β.
507 1622 551 1657 τ.
585 1618 661 1670 σ.,
720 1603 925 1671 quibus
974 1603 1373 1672 comprehendi
1418 1606 1600 1658 totam
1648 1604 1986 1659 sententiam
2032 1604 2464 1657 antecedentem

424 1675 810 1744 cognovimus,
857 1675 1004 1728 nihil
1050 1676 1179 1729 novi
1224 1676 1408 1728 inesse
1453 1679 1656 1744 potest.
1739 1676 1932 1744 itaque
1979 1692 2044 1728 eo
2089 1675 2465 1744 pervenimus,

423 1750 488 1799 ut
516 1745 698 1800 verbis
728 1749 1018 1815 διαβέβηκε
1048 1749 1125 1812 εἴς
1150 1766 1274 1802 τινα
1303 1747 1774 1817 significationem
1795 1747 2115 1816 pertinendi
2136 1747 2213 1800 ad
2227 1747 2466 1814 aliquem

425 1816 816 1871 attribuamus.
893 1817 1032 1872 dicit
1069 1820 1324 1888 scriptor,
1364 1820 1412 1872 si
1449 1820 1616 1887 pauci
1643 1820 1897 1873 homines
1927 1817 2083 1888 aegri
2118 1820 2306 1870 essent
2342 1817 2465 1887 (cfr.

426 1889 530 1943 col.
561 1888 658 1958 ΠΙ)
696 1907 755 1942 se
793 1889 1046 1959 singulos
1077 1893 1404 1944 sanaturum
1442 1908 1578 1958 esse,
1618 1908 1745 1944 cum
1773 1892 1961 1943 autem
1998 1888 2229 1958 plurimi
2269 1896 2466 1958 aegro*

426 1963 551 2013 tent
587 1960 808 2028 hucque
846 1964 905 2014 et
940 1961 1001 2014 hi
1040 1964 1096 2015 et
1123 1961 1212 2015 illi
1249 1963 1525 2017 accedant
1546 2003 1764 2027 .......
1804 1979 1930 2015 cum
1958 1961 2137 2031 igitur
2172 1960 2244 2012 ad
2273 1958 2469 2028 plures

427 2033 560 2103 (non
598 2033 672 2086 ad
707 2035 937 2103 paucos)
986 2033 1239 2088 subsidia
1276 2033 1474 2104 scripti
1509 2033 1855 2105 pertineant,
1903 2049 1963 2087 se
1999 2032 2059 2086 in
2097 2030 2320 2102 porticu
2366 2030 2472 2085 illa

427 2104 596 2157 simul
634 2105 892 2158 omnibus
929 2106 1338 2160 medicamenta
1374 2106 1556 2159 morbi
1583 2106 1849 2175 praebere
1878 2104 2035 2158 velle.
2109 2104 2261 2157 idem
2289 2104 2473 2173 igitur

428 2176 711 2245 significat
756 2175 899 2229 illud
945 2178 1176 2230 verbum
1225 2181 1396 2245 atque
1441 2178 1730 2232 διατείνειν
1785 2175 1876 2230 vel
1931 2178 2140 2243 διήκειν
2196 2177 2272 2241 εἷς
2326 2194 2470 2241 τινα,

428 2248 586 2302 cuius
634 2247 862 2316 propria
913 2248 995 2300 vis
1045 2249 1218 2304 etiam
1274 2249 1705 2302 similitudinem
1752 2249 2038 2315 quandam
2084 2247 2257 2301 habet
2312 2249 2472 2315 (δι-

429 2322 642 2386 ήκειν,
701 2321 1181 2389 δια-βαίνειν).
1287 2338 1458 2387 quam
1522 2319 1993 2389 significationem
2057 2320 2217 2373 tanto
2272 2317 2473 2371 labore

429 2393 647 2443 erutam
715 2392 935 2459 gaudeo
1007 2392 1324 2445 confirmari
1399 2410 1500 2444 usu
1567 2392 1854 2460 scriptoris
1922 2406 2057 2443 sane
2119 2390 2474 2455 recentioris,

431 2461 707 2530 Stephani
744 2461 803 2514 in
843 2461 1074 2516 Aristot.
1105 2463 1266 2516 Rhet.
1308 2464 1393 2516 ed.
1433 2463 1609 2516 Acad.
1639 2463 1761 2516 Ber.
1790 2462 1920 2515 XXI
1958 2468 1988 2514 2
2027 2479 2082 2530 p.
2114 2466 2235 2527 281,
2266 2467 2316 2525 5,
2372 2460 2476 2527 qui

429 2534 513 2586 ita
551 2530 772 2587 scribit:
813 2535 860 2588 εἰ
895 2536 1002 2601 γάρ
1038 2552 1121 2599 τις
1148 2536 1360 2589 ἐπαινεῖ
1400 2536 1727 2602 Ἀθηναίους
1763 2536 1823 2587 ἐν
1864 2535 2188 2601 Ἀθηναίοις,
2227 2534 2475 2599 εὐπαρά-

431 2608 598 2659 δεκτα
636 2609 726 2659 καὶ
776 2608 916 2660 καλὰ
968 2609 1191 2660 ἔσονται
1239 2609 1311 2660 τὰ
1363 2607 1635 2673 λεγόμενα
1688 2609 1766 2670 ὡς
1814 2609 1904 2659 καὶ
1957 2606 2033 2669 εἰς
2084 2606 2294 2668 αὐτοὺς
2329 2605 2470 2668 τοὺς

432 2678 711 2743 ἀκροατὰς
757 2678 1222 2743 διαβαίνοντα.
1296 2677 1538 2745 perfecti
1583 2677 1765 2732 forma
1821 2678 2010 2730 autem
2058 2679 2265 2744 βέβηκα
2311 2690 2478 2743 prae-

432 2747 604 2801 sentis
642 2764 865 2817 quoque
902 2749 1015 2801 vim
1052 2749 1257 2802 habere
1294 2750 1491 2802 notum
1531 2750 1613 2802 est
1653 2750 1710 2801 et
1745 2748 1853 2801 Dio
1897 2765 2026 2801 enes
2069 2746 2209 2800 alibi
2246 2761 2476 2814 quoque

430 2818 745 2888 perfectum
799 2819 883 2873 ita
939 2819 1208 2873 adhibere
1255 2819 1399 2873 solet
1457 2819 1554 2874 cfr.
1603 2820 1670 2873 fr.
1710 2819 1864 2872 XXX
1918 2818 1991 2872 111
2047 2818 2151 2873 col.
2190 2817 2268 2871 ΠΙ
2322 2835 2372 2870 v.
2409 2822 2476 2870 10

434 2893 869 2945 ἀποδεδωκέναι.

578 2961 680 3015 col.
710 2961 788 3015 VI
836 2980 882 3015 v.
915 2968 1072 3015 2-4
1134 2962 1322 3016 omnia
1372 2961 1749 3016 remediorum
1801 2979 2006 3031 genera
2058 2978 2169 3015 uno
2210 2978 2267 3013 se
2306 2959 2478 3013 verbo

433 3032 734 3158 <‹iomplecti
766 3050 932 3158 posse
954 3034 1136 3159 ffdictizt:
1195 3032 1979 3158 affectus·gem⁰vendid⁵u¹lt'
2054 3049 2259 3102 genera
2298 3048 2479 3083 reme-

473 3122 654 3158 iorum
692 3122 764 3158 au
793 3122 882 3158 em
919 3124 952 3158 a
998 3122 1059 3159 ec
1088 3123 1224 3158 uum
1260 3122 1453 3174 generi
1493 3123 1558 3158 us
1596 3121 1796 3174 respon
1844 3120 1913 3159 en
1946 3145 1957 3157 .

577 3195 628 3229 v.
668 3181 699 3229 5
756 3180 890 3243 τοὺς
920 3221 931 3233 .
956 3221 967 3232 .
996 3178 1242 3244 ματαίως
1287 3179 1627 3243 κατέχοντας
1671 3180 1817 3243 ἡμᾶς
1853 3177 2092 3244 φόβους]
2150 3174 2369 3244 cogitat
2408 3174 2481 3227 de

432 3250 589 3371 meifz'u
626 3248 858 3371 ‹licor-pm
896 3252 953 3304 et
999 3247 1195 3302 mortis
1235 3250 1293 3301 et
1330 3247 1612 3314 dolorum3
1653 3246 1750 3301 cfr.
1792 3248 1867 3300 ad
1904 3247 1969 3301 fr.
2000 3245 2181 3300 XXIX
2219 3245 2276 3298 et
2313 3243 2474 3297 XXX

436 3323 495 3373 et
556 3338 598 3372 r.
693 3320 906 3373 co.HI
943 3328 1071 3374 wo.

578 3408 626 3442 v.
660 3396 727 3443 10
778 3407 890 3445 uon
936 3407 1130 3447 omnes
1177 3390 1562 3461 aegritudines
1615 3389 1859 3459 sapienti
1911 3406 1980 3443 ex
2032 3389 2220 3443 animo
2274 3387 2479 3441 tollen·

437 3464 538 3516 das
584 3479 705 3518 esse
752 3463 1029 3533 Epicurus
1084 3461 1395 3516 arbitratur
1440 3461 1558 3530 (cfr.
1599 3460 1693 3514 Us.
1732 3461 1799 3514 fr.
1831 3467 1933 3515 597
1993 3465 2083 3515 καὶ
2129 3461 2480 3526 λυπήσεσθαι

435 3537 535 3589 τὸν
583 3536 819 3603 σοφόν),
878 3533 1212 3603 Cyrenaicos
1260 3534 1483 3586 secutus
1531 3532 1652 3602 (cfr.
1691 3533 1856 3601 Diog.
1885 3533 2067 3586 Laert.
2108 3531 2159 3585 H
2189 3537 2253 3583 91
2307 3531 2482 3596 λυπή-

437 3611 632 3662 σεσθαι
689 3608 878 3671 μέντοι
935 3609 1023 3660 καὶ
1070 3606 1448 3673 φοβήσεσθαι,
1503 3610 1758 3672 φυσικῶς
1792 3607 1900 3672 γὰρ
1940 3607 2090 3674 ἔχει).
2167 3602 2266 3657 cfr.
2308 3602 2482 3655 etiam
