2693 4100
985 261 1472 316 „XXVII-

214 429 349 489 Kal.
399 431 471 488 fr.
514 423 627 511 23)
683 431 931 490 eandem
985 433 1110 490 vim
1163 431 1345 490 habet
1393 434 1572 508 atque
1619 435 1885 491 animum
1932 436 2146 507 eriyere
2192 438 2254 493 et

210 520 583 579 construitur
619 519 945 578 secundum
981 538 1053 578 ea
1080 521 1279 595 verba,
1319 540 1471 597 quae
1496 525 1728 581 motum
1747 576 1748 579 ,
1765 522 2026 597 aliquem
2065 525 2255 582 animi

134 630 146 661 1
214 609 516 682 indicant,
574 605 678 668 ἐπί
733 626 871 668 τινι.
962 628 1154 685 neque
1208 610 1355 668 haec
1411 613 1710 670 structura
1764 630 1956 686 neque
2012 612 2251 671 omnino

209 698 463 757 verbum
506 699 705 773 ipsum
751 698 862 757 11οο
910 717 1084 757 sensu
1131 699 1282 757 alias
1329 703 1563 758 exstare
1609 701 1862 759 videtur.

352 783 729 860 θνητότης
777 779 876 868 (fr.
906 787 1107 845 LXIII
1143 789 1253 847 001.
1281 787 1371 845 IV
1409 809 1463 847 v.
1495 791 1534 846 4
1574 816 1641 836 ==
1680 789 1828 848 Heb.
1869 792 1945 849 et.
1983 790 2115 848 Kal.
2151 793 2252 863 22,

212 897 270 934 v.
303 868 399 956 4),
456 878 525 935 ut
576 878 700 935 iam
754 876 982 936 Usener
1038 877 1315 950 adnotat,
1370 878 1546 937 valde
1600 896 1804 938 reeens
1851 882 1942 937 est
1987 879 2251 953 verbum,
2295 882 2305 892 '

212 965 384 1024 cuius
421 966 690 1040 exempla
730 969 1020 1024 notantur
1055 967 1216 1041 apud
1253 967 1596 1040 Tatianum,
1632 967 1958 1043 Didymum
1994 968 2251 1027 Alexan-

212 1055 472 1126 drinum,
508 1054 644 1112 Joh.
677 1054 997 1131 Chrysost.,
1034 1055 1398 1130 Nemesium,
1425 1057 1652 1139 Nilum,
1690 1057 1909 1133 dialog.
1939 1057 2013 1115 de
2050 1059 2251 1117 anima

213 1143 349 1202 adv.
407 1143 749 1219 Platonem,
805 1143 986 1203 sohol.
1042 1144 1425 1219 Philostrati,
1482 1142 1661 1204 schol.
1728 1144 1995 1207 Luciani.
2098 1147 2251 1204 addo

212 1232 397 1292 schol.
425 1234 572 1291 Ven.
613 1233 688 1291 ad
724 1232 978 1291 Iliadem
1011 1229 1059 1292 Η
1103 1235 1215 1307 59,
1251 1234 1840 1293 Pseudalexandrum
1885 1234 2149 1311 Aphrod.
2187 1237 2251 1293 i'1'1

209 1321 548 1397 MetaphyS.
600 1319 644 1381 Κ
681 1327 733 1397 1,
761 1321 794 1379 Ι
837 1342 895 1397 p.
938 1323 1094 1395 637,
1135 1325 1216 1382 26
1266 1316 1335 1403 (i.
1385 1344 1433 1381 e.
1480 1324 1832 1382 Michaelem
1878 1317 2251 1405 Ephesium),

212 1411 459 1470 Davida
511 1411 575 1468 in
629 1411 921 1486 Porphyr.
978 1412 1263 1489 isagogen
1315 1415 1383 1470 in
1438 1412 1526 1470 ed.
1582 1412 1686 1471 Ao.
1730 1413 1863 1470 Ber.
1911 1413 2142 1488 XVIII,
2185 1416 2251 1488 23

209 1500 317 1559 sed
365 1499 523 1575 apud
568 1500 976 1558 Alexandrum
1022 1503 1082 1559 et
1117 1500 1357 1560 Davida
1404 1498 1748 1576 θνητότης,
1797 1505 1866 1561 ut
1902 1522 2060 1561 nunc
2107 1503 2250 1562 dici·

210 1607 365 1663 muS,
413 1589 736 1648 abstractio
791 1590 988 1668 logica
1044 1593 1159 1665 est,
1217 1590 1379 1666 apud
1425 1594 1649 1650 ceteros
1700 1594 1902 1651 autem
1948 1595 2009 1650 et
2054 1594 2253 1667 ipsum

213 1678 544 1754 Diogenem
593 1680 664 1736 fr.
693 1679 914 1736 XXXV
962 1680 1071 1737 001.
1100 1679 1194 1737 ΠΙ
1240 1700 1294 1738 v.
1328 1683 1365 1738 3
1429 1681 1573 1739 haec
1619 1699 1733 1739 vox
1778 1681 1865 1738 ita
1910 1684 2253 1756 usurpatur,

210 1770 284 1825 ut
329 1786 460 1825 eam
504 1768 628 1826 iam
672 1768 736 1825 in
781 1786 894 1826 usu
941 1768 1242 1827 cotidiano
1288 1769 1472 1828 fuisse
1518 1773 1825 1844 appareat.

352 1855 665 1914 Structura
741 1852 985 1916 λείπει
1043 1853 1164 1931 μοί
1212 1875 1278 1916 τι
1355 1849 1456 1939 (fr.
1512 1857 1706 1916 LXIV
1782 1860 1890 1917 001.
1942 1859 2007 1917 II
2069 1854 2249 1938 [Heb.

207 1947 278 2002 et
323 1945 454 2003 Kal.
505 1939 618 2023 23]
666 1966 719 2004 v.
753 1949 789 2004 6
822 1949 882 2005 et
914 1938 981 2028 7)
1042 1945 1200 2021 apud
1255 1946 1577 2022 Polybium
1630 1949 1893 2022 primum
1946 1949 2254 2007 invenitur

218 2036 320 2108 10,
352 2036 453 2110 18,
485 2035 522 2094 8
580 2031 775 2109 ἤρετο
821 2031 880 2094 τί
928 2031 1130 2095 λείπει
1185 2036 1317 2096 τῶν
1367 2032 1745 2109 ἐπιτηδείων
1794 2033 2037 2112 αὐταῖς.
2110 2037 2249 2096 Ρ111-

212 2124 457 2186 ,tarohus
503 2143 624 2183 non
669 2125 868 2200 habet,
915 2126 1017 2184 sed
1055 2126 1385 2201 EpictetuS,
1426 2124 1703 2201 Galenus,
1755 2130 2250 2187 commentatores

205 2213 577 2288 Aristotelia
626 2213 734 2272 alii
787 2215 1157 2273 recentiores.
1249 2215 1518 2291 vulgaris
1562 2214 1750 2293 igitur
1795 2219 2097 2276 structura
2144 2221 2251 2276 est.

349 2298 828 2376 προσφάτως
902 2295 1002 2384 (fr.
1051 2303 1246 2361 LXIV
1310 2305 1420 2362 001.
1461 2303 1554 2361 ΠΙ
1618 2298 1797 2383 [Heb.
1846 2309 1905 2364 et
1951 2305 2086 2365 Kal.
2137 2300 2250 2385 24]

207 2412 269 2449 v.
300 2383 371 2473 4)
419 2392 579 2467 quod
634 2396 726 2450 est
769 2411 960 2466 nuper
1022 2392 1183 2468 apud
1245 2393 1599 2452 Machonem
1652 2398 1893 2469 poetam
1959 2397 2251 2454 oomioum

208 2483 475 2556 primum
520 2482 853 2539 invenimus
893 2473 1139 2562 (Athen.
1175 2484 1274 2556 13,
1320 2503 1379 2558 p.
1413 2475 1617 2563 5810)
1668 2480 1736 2542 ἐκ
1774 2483 1889 2557 τῆς
1940 2480 2251 2557 Κορίνθου

208 2565 623 2643 προσφάτως
663 2565 1046 2645 ἀφιγμένος,
1095 2570 1306 2630 deinde
1353 2572 1412 2629 in
1453 2570 1616 2629 LXX
1654 2572 1831 2631 Deut.
1884 2575 1986 2648 24,
2018 2575 2075 2647 5,
2122 2592 2249 2632 sae-

209 2661 348 2735 pius
397 2659 556 2733 apud
593 2659 931 2735 Polybium,
978 2663 1108 2719 tum
1144 2661 1467 2719 Posidonio
1515 2662 1855 2720 coniectura
1914 2663 2254 2721 restituitur

216 2740 410 2826 (apud
435 2746 656 2806 Athen.
676 2752 734 2823 4,
753 2769 811 2823 p.
837 2742 1013 2830 153),
1039 2769 1219 2825 porro
1249 2752 1444 2809 exstat
1471 2751 1536 2807 in
1563 2749 1829 2810 Diodoro
1860 2752 2061 2811 Siculo
2087 2756 2143 2826 1,
2167 2755 2248 2810 36

213 2840 276 2895 et
307 2840 411 2911 14,
446 2839 568 2896 115
618 2839 798 2896 semel
843 2839 908 2896 in
945 2838 1269 2897 Parthenio
1317 2841 1379 2897 et
1417 2837 1644 2898 Galeno
1691 2843 1752 2898 et
1789 2840 2011 2898 Babrio
2060 2842 2163 2916 30,
2194 2843 2252 2914 3,

208 2927 275 2983 in
334 2923 619 3003 Gregorio
674 2927 1078 3003 Nazianzeno,
1123 2928 1186 2985 in
1242 2928 1581 2986 Phalaridis
1638 2930 1930 3004 epistulis.
2033 2930 2251 3005 quibus

212 3014 500 3090 exemplis
565 3015 837 3075 addenda
901 3020 1043 3075 sunt
1105 3016 1261 3075 Acta
1316 3015 1526 3091 Apost.
1587 3019 1693 3091 18,
1746 3021 1781 3076 2
1849 3010 1983 3099 (cfr.
2050 3018 2251 3078 Deiss-

208 3123 395 3162 mann
432 3104 836 3164 Bibelstudien
871 3126 928 3181 p.
961 3097 1137 3186 211),
1184 3105 1455 3165 Aristeas
1489 3125 1536 3164 0.
1569 3108 1626 3181 5,
1663 3107 1807 3182 Pap.
1839 3105 2019 3166 Greos
2056 3107 2249 3166 Paris.

208 3213 269 3269 p.
303 3195 460 3266 370,
494 3196 577 3252 10
606 3185 766 3273 (165
817 3214 870 3253 a.
904 3187 1088 3274 obn),
1136 3195 1254 3252 Dio
1294 3193 1597 3270 Chrysost.
1638 3187 1769 3275 (cfr.
1811 3195 2052 3254 Schmid
2098 3195 2250 3254 Ata·-

207 3284 425 3340 oismus
452 3302 508 3357 p.
534 3275 710 3363 701),
739 3284 1083 3342 Eustratius
1112 3284 1221 3341 XX
1248 3285 1351 3357 96,
1383 3286 1467 3342 20
1497 3287 1558 3343 et
1588 3286 1734 3362 394,
1768 3288 1870 3360 10,
1897 3284 2250 3361 Anonymus

209 3372 275 3428 in
322 3372 572 3444 Aristot.
628 3372 802 3430 Rhet.
849 3372 991 3430 XXI
1022 3375 1079 3447 2,
1128 3374 1232 3448 82,
1263 3374 1319 3432 8.
1412 3374 1477 3432 in
1538 3375 1806 3450 exemplo
1853 3373 1960 3433 illo
2009 3373 2250 3434 Posido-

210 3462 421 3519 niano:
478 3458 558 3519 τὰ
605 3459 675 3520 δὲ
727 3458 1031 3535 βρώματα
1079 3458 1261 3536 ἄρτοι
1508 3460 1609 3523 καὶ
1656 3463 1788 3522 τῶν
1840 3459 2251 3539 προσφάτως

210 3547 754 3623 καθιερευθέντων
811 3546 983 3610 ὀπτὰ
1038 3550 1306 3625 δαψιλῆ,
1363 3554 1413 3610 si
1462 3552 1701 3626 quidem
1744 3555 1904 3612 reete
1950 3555 2251 3612 mutatum

210 3641 302 3696 est
348 3635 758 3713 προσφάτως
806 3658 876 3696 ex
923 3635 1363 3715 προσφάτων,
1409 3642 1654 3715 propria
1700 3640 1791 3699 vis
1837 3641 2100 3700 nondum
2147 3642 2248 3701 ob-
