2693 4100
1018 247 1477 301 ...XXIX—

365 421 525 480 Satis
568 421 761 496 igitur
804 418 997 475 multa
1041 416 1135 474 his
1181 419 1457 491 quamvis
1504 419 1733 494 exiguis
1770 418 2123 495 fragmentis
2169 420 2265 476 in-

226 515 371 572 sunt
414 509 709 568 vocabula
763 507 857 566 vel
913 509 1248 565 structurae
1303 507 1400 564 vel
1454 505 1692 566 dicendi
1743 507 2063 582 formulae,
2111 526 2264 582 quae

230 619 423 677 neque
467 600 531 656 in
568 597 806 671 scriptis
843 594 1091 671 Epicuri
1135 594 1520 653 inveniantur
1554 615 1748 671 neque
1786 596 2026 654 omnino
2065 600 2264 654 aetate

233 689 482 767 Epicuri
533 688 824 761 usurpata
877 682 1116 743 fuerint.
1210 684 1313 743 sed
1368 684 1697 743 cavendum
1752 691 1867 760 est,
1922 705 1996 743 ne
2042 689 2265 744 temere

231 781 297 839 et
338 775 774 837 inconsiderate
820 773 1291 851 progrediamur.
1384 793 1524 832 nam
1572 792 1706 832 cum
1750 775 1927 834 huius
1974 776 2266 850 epistulae
2370 804 2375 808 ·

236 870 539 927 auctorem
593 865 832 942 vulgari
885 880 1151 922 sermone
1205 862 1299 920 uti
1352 864 1683 939 videamus,
1739 882 1895 922 nunc
1942 865 2268 939 quaeritur,

235 974 391 1034 quae
426 956 582 1014 ratio
611 953 872 1028 Epicuro
911 970 1046 1009 cum
1072 952 1312 1029 vulgari
1350 970 1616 1010 sermone
1651 953 2001 1014 intercedat.
2050 972 2168 1029 qua
2197 953 2268 1011 de

234 1067 301 1107 re
337 1064 528 1121 nuper
562 1042 843 1102 disseruit
886 1041 951 1099 P.
980 1039 1169 1099 Linde
1212 1041 1282 1099 de
1319 1041 1573 1113 Epicuri
1608 1042 1904 1101 vocabulis
1939 1044 2014 1101 ab
2053 1045 2271 1116 optima

237 1135 476 1194 Atthide
512 1133 723 1192 alienis
760 1122 1035 1212 (Vratisl.
1070 1121 1290 1212 1906),
1337 1131 1445 1205 qui
1479 1131 1643 1188 illius
1679 1131 1993 1190 verborum
2032 1131 2271 1207 suppel-

237 1225 447 1284 lectile.
468 1242 605 1282 cum
637 1221 772 1279 aliis
808 1220 1051 1298 linguae
1080 1216 1340 1278 Graecae
1377 1219 1736 1280 testimoniis
1775 1220 1999 1279 collata
2033 1222 2275 1296 praeter

239 1315 364 1373 alia
416 1314 529 1370 hoc
584 1310 899 1386 praecipue
954 1308 1345 1381 demonstrat,
1402 1307 1576 1366 illum
1628 1310 1821 1367 multa
1867 1310 2156 1369 vocabula
2203 1329 2273 1367 ex

240 1402 422 1480 κοινῇ
461 1401 717 1458 dialecto
753 1399 1130 1456 haurientem
1156 1397 1421 1455 medium
1457 1398 1579 1456 fere
1607 1399 1766 1456 inter
1791 1397 2177 1458 Aristotelem
2216 1403 2276 1457 et

241 1490 563 1567 Polybium
600 1490 798 1547 locum
834 1487 1101 1546 obtinere
1142 1476 1230 1567 (p.
1270 1479 1404 1566 54).
1464 1488 1670 1562 itaque
1707 1487 1867 1563 quod
1901 1490 1966 1545 in
2001 1489 2115 1547 hac
2151 1490 2276 1564 epi-

240 1581 406 1641 stula
459 1598 580 1637 non
641 1594 839 1653 pauca
895 1576 1164 1653 vulgaris
1228 1578 1518 1634 sermonis
1589 1577 1861 1652 exempla
1923 1579 2278 1650 invenimus,

243 1688 398 1745 quae
451 1670 517 1726 in
560 1666 810 1743 Epicuri
864 1666 1102 1740 scriptis
1147 1684 1267 1724 non
1311 1666 1624 1742 leguntur,
1670 1665 1782 1725 hoc
1830 1667 2070 1741 quidem
2117 1669 2277 1724 certo

243 1756 641 1818 demonstrari
695 1775 816 1814 non
874 1757 1098 1830 potest,
1154 1772 1287 1812 eam
1341 1754 1417 1812 ab
1475 1755 1733 1830 Epicuro
1808 1757 2066 1814 alienam
2134 1774 2280 1828 esse,

245 1850 415 1908 cuius
468 1865 684 1921 parum
736 1845 930 1902 multa
985 1843 1339 1902 documenta
1394 1844 1564 1902 nobis
1613 1845 1841 1902 tradita
1888 1847 2051 1918 sunt,
2099 1864 2281 1919 quam

247 1939 319 1995 ut
371 1936 484 1994 hoc
531 1935 627 1993 vel
672 1933 822 1992 illud
878 1932 1235 1991 vocabulum
1295 1933 1369 1990 ab
1440 1952 1507 1991 eo
1565 1936 1726 1992 certa
1779 1933 1894 1991 fide
1952 1933 2285 1992 abiudicari

245 2026 455 2103 possit.
545 2024 682 2101 plus
738 2028 940 2082 tamen
995 2020 1158 2081 valet
1212 2041 1463 2100 magnus
1518 2041 1626 2099 pro
1682 2025 1807 2081 tam
1864 2024 2076 2101 exiguo
2122 2024 2283 2101 frag-

247 2118 450 2174 mento
497 2115 836 2191 vulgarium
883 2114 943 2171 et
987 2114 1315 2170 recentium
1350 2130 1564 2171 vocum
1600 2131 1897 2187 numerus,
1944 2132 2063 2187 quo
2109 2113 2284 2171 nimi·

247 2225 383 2263 rum
449 2202 747 2262 dubitatio
813 2204 1113 2273 movetur,
1185 2221 1330 2259 num
1396 2202 1688 2277 epistulae
1761 2204 2065 2261 auctorem
2128 2203 2286 2260 inter
2341 2221 2344 2224 ·

248 2293 640 2352 Aristotelem
687 2294 748 2350 et
792 2290 1106 2366 Polybium
1153 2308 1372 2364 ponere
1418 2291 1730 2366 possimus.
1799 2292 2046 2348 maximi
2084 2294 2286 2350 autem

249 2382 531 2460 ponderis
579 2384 686 2455 est,
731 2381 784 2440 si
829 2383 991 2439 recte
1036 2378 1314 2452 iudicavi,
1362 2379 1520 2454 quod
1561 2380 1702 2439 huic
1747 2380 2084 2456 fragmento
2129 2382 2286 2439 inest

252 2491 369 2532 vox
424 2491 494 2530 ex
550 2469 883 2529 Stoicorum
940 2467 1179 2527 officina
1234 2471 1384 2527 orta.
1476 2471 1680 2544 itaque
1739 2469 1910 2527 nulla
1956 2472 2046 2527 est
2091 2488 2288 2543 causa,

252 2581 360 2620 cur
403 2561 551 2619 haec
597 2559 854 2634 epistula
899 2558 994 2616 illi
1040 2556 1424 2616 attribuatur.

392 2648 508 2707 Sed
554 2650 737 2706 etiam
793 2650 1212 2723 argumentum
1258 2648 1552 2721 epistulae
1608 2666 1726 2705 non
1775 2646 1921 2705 satis
1969 2665 2289 2723 congruere

252 2739 495 2799 videtur
539 2738 634 2810 iis,
682 2755 834 2811 quae
881 2735 953 2794 de
989 2735 1339 2811 parentibus
1377 2736 1625 2810 Epicuri
1660 2735 1831 2794 nobis
1870 2736 2096 2793 tradita
2135 2739 2290 2794 sunt.

253 2849 398 2887 nam
446 2826 738 2902 epistulae
787 2827 997 2884 auctor
1050 2824 1259 2883 scribit
1312 2824 1383 2882 fr.
1432 2823 1627 2882 LXIV
1666 2816 1843 2904 (Heb.
1892 2828 1952 2883 et
1995 2824 2130 2882 Kal.
2178 2816 2290 2903 23)

256 2917 369 2976 col.
400 2917 462 2973 II
508 2936 561 2974 v.
596 2918 629 2973 1
655 2933 782 2990 sqq.
830 2916 892 2972 et
939 2913 1048 2973 col.
1077 2912 1171 2971 ΙΠ
1207 2905 1385 2994 (Heb.
1435 2917 1496 2972 et
1541 2913 1674 2972 Kal.
1723 2914 1794 2971 fr.
1828 2905 1939 2991 24)
1997 2933 2051 2972 v.
2102 2916 2290 2988 2sqq.

256 3006 373 3067 sibi
427 3007 718 3080 perpetuo
775 2994 1131 3084 (συνεχῶς)
1188 3021 1223 3061 a
1287 3007 1478 3061 matre
1543 3006 1604 3060 et
1659 3022 1695 3061 a
1748 3005 1920 3078 patre
1977 3002 2293 3077 pecuniam

257 3097 440 3154 mitti.
544 3093 648 3152 sed
702 3091 951 3168 Epicuri
1005 3095 1281 3167 parentes
1336 3112 1481 3149 num
1545 3093 1732 3150 tantis
1788 3090 1998 3166 opibus
2052 3092 2294 3164 fuerint,

257 3184 436 3242 valde
491 3182 756 3240 dubitari
808 3183 1025 3256 potest.
1140 3181 1427 3257 Diogenis
1488 3180 1726 3255 quidem
1782 3180 2011 3239 Laertii
2066 3171 2176 3260 (X,
2224 3171 2294 3260 4)

258 3272 517 3332 testibus
564 3274 615 3329 si
660 3269 834 3329 fidem
863 3269 1167 3343 habemus,
1205 3269 1500 3345 Epicurus
1548 3272 1608 3328 et
1643 3270 1877 3345 patrem
1923 3287 2033 3344 pro
2080 3270 2296 3344 exigua

259 3361 529 3421 mercede
574 3378 790 3436 pueros
836 3359 1145 3418 docentem
1193 3361 1254 3417 et
1289 3362 1542 3417 matrem
1580 3355 1948 3431 καθαρμοὺς
1987 3360 2297 3416 canentem

261 3449 604 3523 adiavabat,
649 3452 720 3507 ut
765 3467 1050 3524 perquam
1091 3449 1370 3507 miseram
1417 3449 1600 3506 fuisse
1637 3450 1958 3522 parentum
2006 3446 2297 3505 condicio·

261 3560 397 3599 nem
446 3540 726 3614 cognosci
769 3537 977 3613 possit.

398 3627 614 3703 Itaque
637 3627 806 3686 >haec
854 3627 1113 3702 epistula
1167 3645 1300 3685 cum
1350 3626 1424 3684 ab
1462 3626 1721 3701 Epicuro
1768 3625 1992 3700 scripta
2037 3644 2156 3683 non
2203 3628 2301 3698 sit,
