<?xml version="1.0" encoding="UTF-8"?>
<!DOCTYPE html PUBLIC "-//W3C//DTD XHTML 1.0 Transitional//EN"
    "http://www.w3.org/TR/xhtml1/DTD/xhtml1-transitional.dtd">
<html xmlns="http://www.w3.org/1999/xhtml" xml:lang="en" lang="en">
 <head>
  <title>
</title>
<meta http-equiv="Content-Type" content="text/html;charset=utf-8" />
  <meta name='ocr-system' content='tesseract 3.04.00' />
  <meta name='ocr-capabilities' content='ocr_page ocr_carea ocr_par ocr_line ocrx_word'/>
</head>
<body>
  <div class='ocr_page' id='page_1' title='image "./diogenisoenoand00oenogoog_0022.png"; bbox 0 0 2693 4100; ppageno 0'>
   <div class='ocr_carea' id='block_1_1' title="bbox 1189 221 1648 275">
    <p class='ocr_par' dir='ltr' id='par_1_1' title="bbox 1189 221 1648 275">
     <span class='ocr_line' id='line_1_1' title="bbox 1189 221 1648 275; baseline 0.002 -15"><span class='ocrx_word' id='word_1_1' title='bbox 1189 221 1648 275; x_wconf 77' lang='lat' dir='ltr'><strong>—XV&#39;III—</strong></span> 
     </span>
    </p>
   </div>
   <div class='ocr_carea' id='block_1_2' title="bbox 386 387 2442 3495">
    <p class='ocr_par' dir='ltr' id='par_1_2' title="bbox 399 387 2442 1001">
     <span class='ocr_line' id='line_1_2' title="bbox 402 387 2442 474; baseline 0.002 -26"><span class='ocrx_word' id='word_1_2' title='bbox 402 392 605 466; x_wconf 88' lang='lat' dir='ltr'>priora</span> <span class='ocrx_word' id='word_1_3' title='bbox 672 409 742 448; x_wconf 90' lang='lat' dir='ltr'>ea</span> <span class='ocrx_word' id='word_1_4' title='bbox 808 390 1160 448; x_wconf 82' lang='lat' dir='ltr'>collocarem</span> <span class='ocrx_word' id='word_1_5' title='bbox 1227 409 1381 465; x_wconf 88' lang='lat' dir='ltr'>quae</span> <span class='ocrx_word' id='word_1_6' title='bbox 1447 390 1518 448; x_wconf 90' lang='lat' dir='ltr'>de</span> <span class='ocrx_word' id='word_1_7' title='bbox 1582 391 1873 449; x_wconf 90' lang='lat' dir='ltr'>molestiis</span> <span class='ocrx_word' id='word_1_8' title='bbox 1948 395 2269 452; x_wconf 75' lang='lat' dir='ltr'><strong>senectutis</strong></span> <span class='ocrx_word' id='word_1_9' title='bbox 2336 387 2442 474; x_wconf 79' lang='lat' dir='ltr'>(de</span> 
     </span>
     <span class='ocr_line' id='line_1_3' title="bbox 402 472 2441 561; baseline 0.002 -23"><span class='ocrx_word' id='word_1_10' title='bbox 402 497 680 538; x_wconf 84' lang='lat' dir='ltr'>sensuum</span> <span class='ocrx_word' id='word_1_11' title='bbox 735 478 1115 537; x_wconf 76' lang='lat' dir='ltr'>hebetatione</span> <span class='ocrx_word' id='word_1_12' title='bbox 1170 480 1230 537; x_wconf 90' lang='lat' dir='ltr'>et</span> <span class='ocrx_word' id='word_1_13' title='bbox 1283 478 1687 537; x_wconf 88' lang='lat' dir='ltr'>membrorum</span> <span class='ocrx_word' id='word_1_14' title='bbox 1741 472 2059 561; x_wconf 74' lang='lat' dir='ltr'>tarditate)</span> <span class='ocrx_word' id='word_1_15' title='bbox 2107 481 2317 541; x_wconf 90' lang='lat' dir='ltr'>deinde</span> <span class='ocrx_word' id='word_1_16' title='bbox 2367 503 2441 542; x_wconf 89' lang='lat' dir='ltr'>ea</span> 
     </span>
     <span class='ocr_line' id='line_1_4' title="bbox 404 567 2441 645; baseline 0.003 -20"><span class='ocrx_word' id='word_1_17' title='bbox 404 587 558 644; x_wconf 87' lang='lat' dir='ltr'>quae</span> <span class='ocrx_word' id='word_1_18' title='bbox 618 567 690 626; x_wconf 89' lang='lat' dir='ltr'>de</span> <span class='ocrx_word' id='word_1_19' title='bbox 751 568 1019 626; x_wconf 90' lang='lat' dir='ltr'>utilitate</span> <span class='ocrx_word' id='word_1_20' title='bbox 1076 569 1292 645; x_wconf 85' lang='lat' dir='ltr'>agunt,</span> <span class='ocrx_word' id='word_1_21' title='bbox 1350 587 1530 643; x_wconf 91' lang='lat' dir='ltr'>quam</span> <span class='ocrx_word' id='word_1_22' title='bbox 1585 586 1753 627; x_wconf 89' lang='lat' dir='ltr'>senes</span> <span class='ocrx_word' id='word_1_23' title='bbox 1809 587 2044 645; x_wconf 90' lang='lat' dir='ltr'>quoque</span> <span class='ocrx_word' id='word_1_24' title='bbox 2098 570 2441 631; x_wconf 86' lang='lat' dir='ltr'>hominibus</span> 
     </span>
     <span class='ocr_line' id='line_1_5' title="bbox 403 656 2440 739; baseline 0.001 -24"><span class='ocrx_word' id='word_1_25' title='bbox 403 658 611 716; x_wconf 87' lang='lat' dir='ltr'>afferre</span> <span class='ocrx_word' id='word_1_26' title='bbox 656 659 902 739; x_wconf 85' lang='lat' dir='ltr'>possint.</span> <span class='ocrx_word' id='word_1_27' title='bbox 993 656 1141 715; x_wconf 89' lang='lat' dir='ltr'>haec</span> <span class='ocrx_word' id='word_1_28' title='bbox 1187 659 1517 733; x_wconf 87' lang='lat' dir='ltr'>sequuntur</span> <span class='ocrx_word' id='word_1_29' title='bbox 1561 658 1901 734; x_wconf 86' lang='lat' dir='ltr'>fragmenta</span> <span class='ocrx_word' id='word_1_30' title='bbox 1937 660 2184 718; x_wconf 88' lang='lat' dir='ltr'>incerta.</span> <span class='ocrx_word' id='word_1_31' title='bbox 2276 660 2440 736; x_wconf 86' lang='lat' dir='ltr'>frag-</span> 
     </span>
     <span class='ocr_line' id='line_1_6' title="bbox 399 738 2438 827; baseline 0.001 -23"><span class='ocrx_word' id='word_1_32' title='bbox 399 750 667 809; x_wconf 85' lang='lat' dir='ltr'>mentum</span> <span class='ocrx_word' id='word_1_33' title='bbox 707 747 743 804; x_wconf 87' lang='lat'>9</span> <span class='ocrx_word' id='word_1_34' title='bbox 784 738 1098 827; x_wconf 86' lang='lat' dir='ltr'><strong>(LXVIII)</strong></span> <span class='ocrx_word' id='word_1_35' title='bbox 1155 748 1384 822; x_wconf 88' lang='lat' dir='ltr'>autem,</span> <span class='ocrx_word' id='word_1_36' title='bbox 1440 745 1602 820; x_wconf 91' lang='lat' dir='ltr'>quod</span> <span class='ocrx_word' id='word_1_37' title='bbox 1664 748 1754 804; x_wconf 90' lang='lat' dir='ltr'>ita</span> <span class='ocrx_word' id='word_1_38' title='bbox 1816 749 2057 823; x_wconf 79' lang='lat' dir='ltr'>incipit:</span> <span class='ocrx_word' id='word_1_39' title='bbox 2104 744 2438 822; x_wconf 80' lang='grc' dir='ltr'>Πολλάκις</span> 
     </span>
     <span class='ocr_line' id='line_1_7' title="bbox 402 830 2441 908; baseline 0.001 -14"><span class='ocrx_word' id='word_1_40' title='bbox 402 830 455 894; x_wconf 82' lang='grc' dir='ltr'>ὦ</span> <span class='ocrx_word' id='word_1_41' title='bbox 504 831 639 898; x_wconf 88' lang='grc' dir='ltr'>νέοι</span> <span class='ocrx_word' id='word_1_42' title='bbox 708 832 784 908; x_wconf 86' lang='grc' dir='ltr'>νὴ</span> <span class='ocrx_word' id='word_1_43' title='bbox 852 831 968 894; x_wconf 88' lang='grc' dir='ltr'>τὸν</span> <span class='ocrx_word' id='word_1_44' title='bbox 1024 830 1350 908; x_wconf 68' lang='grc' dir='ltr'>Ἡρακλέα</span> <span class='ocrx_word' id='word_1_45' title='bbox 1413 831 1515 893; x_wconf 80' lang='grc' dir='ltr'>καὶ</span> <span class='ocrx_word' id='word_1_46' title='bbox 1579 831 1998 908; x_wconf 83' lang='grc' dir='ltr'>ἠγανάκτησα</span> <span class='ocrx_word' id='word_1_47' title='bbox 2043 835 2191 896; x_wconf 86' lang='grc' dir='ltr'>κτλ.</span> <span class='ocrx_word' id='word_1_48' title='bbox 2248 839 2441 897; x_wconf 87' lang='lat' dir='ltr'>totius</span> 
     </span>
     <span class='ocr_line' id='line_1_8' title="bbox 400 915 2435 1001; baseline 0 -17"><span class='ocrx_word' id='word_1_49' title='bbox 400 915 607 1001; x_wconf 71' lang='lat' dir='ltr'>scripti</span> <span class='ocrx_word' id='word_1_50' title='bbox 652 923 893 982; x_wconf 90' lang='lat' dir='ltr'>initium</span> <span class='ocrx_word' id='word_1_51' title='bbox 939 925 1120 982; x_wconf 85' lang='lat' dir='ltr'>fuisse</span> <span class='ocrx_word' id='word_1_52' title='bbox 1157 924 1481 987; x_wconf 81' lang='lat' dir='ltr'>verisimile</span> <span class='ocrx_word' id='word_1_53' title='bbox 1529 942 1653 982; x_wconf 87' lang='lat' dir='ltr'>esse</span> <span class='ocrx_word' id='word_1_54' title='bbox 1700 924 1849 982; x_wconf 90' lang='lat' dir='ltr'>mihi</span> <span class='ocrx_word' id='word_1_55' title='bbox 1895 925 2137 999; x_wconf 89' lang='lat' dir='ltr'>quidem</span> <span class='ocrx_word' id='word_1_56' title='bbox 2175 925 2435 985; x_wconf 84' lang='lat' dir='ltr'>videtur.</span> 
     </span>
    </p>

    <p class='ocr_par' dir='ltr' id='par_1_3' title="bbox 391 1004 2438 2782">
     <span class='ocr_line' id='line_1_9' title="bbox 532 1004 2432 1094; baseline 0.002 -24"><span class='ocrx_word' id='word_1_57' title='bbox 532 1012 911 1090; x_wconf 67' lang='lat' dir='ltr'>singularem</span> <span class='ocrx_word' id='word_1_58' title='bbox 957 1014 1153 1072; x_wconf 84' lang='lat' dir='ltr'>locum</span> <span class='ocrx_word' id='word_1_59' title='bbox 1200 1016 1455 1089; x_wconf 86' lang='lat' dir='ltr'>occupat</span> <span class='ocrx_word' id='word_1_60' title='bbox 1498 1014 1569 1072; x_wconf 90' lang='lat' dir='ltr'>fr.</span> <span class='ocrx_word' id='word_1_61' title='bbox 1602 1014 1640 1070; x_wconf 86' lang='lat'><strong>3</strong></span> <span class='ocrx_word' id='word_1_62' title='bbox 1671 1004 1913 1094; x_wconf 83' lang='lat' dir='ltr'><strong>(LXII).</strong></span> <span class='ocrx_word' id='word_1_63' title='bbox 1979 1014 2231 1091; x_wconf 88' lang='lat' dir='ltr'>legimus</span> <span class='ocrx_word' id='word_1_64' title='bbox 2276 1017 2432 1072; x_wconf 85' lang='lat' dir='ltr'>enim</span> 
     </span>
     <span class='ocr_line' id='line_1_10' title="bbox 401 1097 2436 1178; baseline 0.001 -17"><span class='ocrx_word' id='word_1_65' title='bbox 401 1124 456 1161; x_wconf 85' lang='lat' dir='ltr'>v.</span> <span class='ocrx_word' id='word_1_66' title='bbox 499 1105 536 1160; x_wconf 85' lang='lat'><strong>3</strong></span> <span class='ocrx_word' id='word_1_67' title='bbox 568 1121 723 1178; x_wconf 83' lang='lat' dir='ltr'>sqq.:</span> <span class='ocrx_word' id='word_1_68' title='bbox 781 1097 1212 1176; x_wconf 81' lang='grc' dir='ltr'>ἐπιστάμενος</span> <span class='ocrx_word' id='word_1_69' title='bbox 1269 1100 1341 1161; x_wconf 77' lang='grc' dir='ltr'>δὲ</span> <span class='ocrx_word' id='word_1_70' title='bbox 1390 1097 1703 1176; x_wconf 87' lang='grc' dir='ltr'>ἀκρειβῶς</span> <span class='ocrx_word' id='word_1_71' title='bbox 1750 1097 1848 1161; x_wconf 89' lang='grc' dir='ltr'>ὅτι</span> <span class='ocrx_word' id='word_1_72' title='bbox 1898 1101 1972 1176; x_wconf 89' lang='grc' dir='ltr'>τῆ</span> <span class='ocrx_word' id='word_1_73' title='bbox 2012 1100 2251 1173; x_wconf 82' lang='grc' dir='ltr'>γνώσει</span> <span class='ocrx_word' id='word_1_74' title='bbox 2300 1104 2436 1163; x_wconf 86' lang='grc' dir='ltr'>τῶν</span> 
     </span>
     <span class='ocr_line' id='line_1_11' title="bbox 402 1185 2431 1268; baseline 0.001 -18"><span class='ocrx_word' id='word_1_75' title='bbox 402 1186 800 1266; x_wconf 82' lang='grc' dir='ltr'>πραγμάτων</span> <span class='ocrx_word' id='word_1_76' title='bbox 849 1185 942 1250; x_wconf 84' lang='grc' dir='ltr'>ὧν</span> <span class='ocrx_word' id='word_1_77' title='bbox 983 1188 1052 1250; x_wconf 83' lang='grc' dir='ltr'>ἑν</span> <span class='ocrx_word' id='word_1_78' title='bbox 1091 1191 1231 1264; x_wconf 85' lang='grc' dir='ltr'>ταῖς</span> <span class='ocrx_word' id='word_1_79' title='bbox 1270 1186 1574 1250; x_wconf 83' lang='grc' dir='ltr'>ὑποκάτω</span> <span class='ocrx_word' id='word_1_80' title='bbox 1614 1187 1856 1264; x_wconf 86' lang='grc' dir='ltr'>χώραις</span> <span class='ocrx_word' id='word_1_81' title='bbox 1895 1187 2200 1264; x_wconf 79' lang='grc' dir='ltr'>ἐδήλωσα</span> <span class='ocrx_word' id='word_1_82' title='bbox 2237 1204 2431 1268; x_wconf 88' lang='grc' dir='ltr'>φυσι-</span> 
     </span>
     <span class='ocr_line' id='line_1_12' title="bbox 398 1275 2436 1358; baseline 0 -19"><span class='ocrx_word' id='word_1_83' title='bbox 398 1281 530 1340; x_wconf 88' lang='grc' dir='ltr'>κῶν</span> <span class='ocrx_word' id='word_1_84' title='bbox 578 1296 647 1339; x_wconf 87' lang='grc' dir='ltr'>τε</span> <span class='ocrx_word' id='word_1_85' title='bbox 696 1275 824 1353; x_wconf 84' lang='grc' dir='ltr'>ἅμα</span> <span class='ocrx_word' id='word_1_86' title='bbox 871 1277 973 1339; x_wconf 84' lang='grc' dir='ltr'>καὶ</span> <span class='ocrx_word' id='word_1_87' title='bbox 994 1282 999 1287; x_wconf 93' lang='grc'><strong><em>’</em></strong></span> <span class='ocrx_word' id='word_1_88' title='bbox 1020 1279 1387 1352; x_wconf 85' lang='grc' dir='ltr'>παθητικῶν</span> <span class='ocrx_word' id='word_1_89' title='bbox 1420 1326 1429 1335; x_wconf 94' lang='grc'><strong>.</strong></span> <span class='ocrx_word' id='word_1_90' title='bbox 1464 1325 1520 1338; x_wconf 90' lang='grc'>..</span> <span class='ocrx_word' id='word_1_91' title='bbox 1614 1279 1691 1338; x_wconf 88' lang='lat' dir='ltr'>ad</span> <span class='ocrx_word' id='word_1_92' title='bbox 1754 1282 1946 1339; x_wconf 89' lang='lat' dir='ltr'>totam</span> <span class='ocrx_word' id='word_1_93' title='bbox 1993 1282 2181 1358; x_wconf 88' lang='lat' dir='ltr'>igitur</span> <span class='ocrx_word' id='word_1_94' title='bbox 2227 1282 2436 1341; x_wconf 88' lang='lat' dir='ltr'>inscri-</span> 
     </span>
     <span class='ocr_line' id='line_1_13' title="bbox 399 1369 2436 1445; baseline 0.001 -18"><span class='ocrx_word' id='word_1_95' title='bbox 399 1372 669 1445; x_wconf 89' lang='lat' dir='ltr'>ptionem</span> <span class='ocrx_word' id='word_1_96' title='bbox 724 1371 957 1445; x_wconf 88' lang='lat' dir='ltr'>spectat</span> <span class='ocrx_word' id='word_1_97' title='bbox 1003 1372 1064 1428; x_wconf 89' lang='lat' dir='ltr'>et</span> <span class='ocrx_word' id='word_1_98' title='bbox 1118 1388 1296 1445; x_wconf 89' lang='lat' dir='ltr'>super</span> <span class='ocrx_word' id='word_1_99' title='bbox 1339 1369 1603 1444; x_wconf 83' lang='lat' dir='ltr'>physicis</span> <span class='ocrx_word' id='word_1_100' title='bbox 1652 1372 1712 1427; x_wconf 88' lang='lat' dir='ltr'>et</span> <span class='ocrx_word' id='word_1_101' title='bbox 1758 1369 1966 1427; x_wconf 88' lang='lat' dir='ltr'>ethicis</span> <span class='ocrx_word' id='word_1_102' title='bbox 2013 1371 2253 1444; x_wconf 89' lang='lat' dir='ltr'>scriptis</span> <span class='ocrx_word' id='word_1_103' title='bbox 2302 1376 2436 1429; x_wconf 89' lang='lat' dir='ltr'>erat</span> 
     </span>
     <span class='ocr_line' id='line_1_14' title="bbox 396 1450 2430 1539; baseline -0 -22"><span class='ocrx_word' id='word_1_104' title='bbox 396 1460 770 1533; x_wconf 88' lang='lat' dir='ltr'>inscriptum,</span> <span class='ocrx_word' id='word_1_105' title='bbox 814 1461 1061 1534; x_wconf 89' lang='lat' dir='ltr'>propter</span> <span class='ocrx_word' id='word_1_106' title='bbox 1107 1458 1491 1517; x_wconf 83' lang='lat' dir='ltr'>altitudinem</span> <span class='ocrx_word' id='word_1_107' title='bbox 1538 1460 1737 1517; x_wconf 89' lang='lat' dir='ltr'>autem</span> <span class='ocrx_word' id='word_1_108' title='bbox 1786 1453 1960 1534; x_wconf 84' lang='lat'>(38,5</span> <span class='ocrx_word' id='word_1_109' title='bbox 1991 1450 2112 1539; x_wconf 88' lang='lat' dir='ltr'>cm)</span> <span class='ocrx_word' id='word_1_110' title='bbox 2160 1462 2220 1516; x_wconf 90' lang='lat' dir='ltr'>et</span> <span class='ocrx_word' id='word_1_111' title='bbox 2266 1459 2430 1517; x_wconf 86' lang='lat' dir='ltr'>litte-</span> 
     </span>
     <span class='ocr_line' id='line_1_15' title="bbox 395 1547 2434 1624; baseline 0 -18"><span class='ocrx_word' id='word_1_112' title='bbox 395 1567 599 1607; x_wconf 89' lang='lat' dir='ltr'>rarum</span> <span class='ocrx_word' id='word_1_113' title='bbox 654 1547 1130 1624; x_wconf 85' lang='lat' dir='ltr'>magnitudinem</span> <span class='ocrx_word' id='word_1_114' title='bbox 1184 1549 1247 1605; x_wconf 93' lang='lat' dir='ltr'>in</span> <span class='ocrx_word' id='word_1_115' title='bbox 1305 1547 1556 1604; x_wconf 89' lang='lat' dir='ltr'>eundem</span> <span class='ocrx_word' id='word_1_116' title='bbox 1612 1547 1883 1623; x_wconf 91' lang='lat' dir='ltr'>lapidum</span> <span class='ocrx_word' id='word_1_117' title='bbox 1935 1547 2202 1606; x_wconf 89' lang='lat' dir='ltr'>ordinem</span> <span class='ocrx_word' id='word_1_118' title='bbox 2248 1551 2434 1622; x_wconf 84' lang='lat' dir='ltr'>atque</span> 
     </span>
     <span class='ocr_line' id='line_1_16' title="bbox 393 1627 2438 1716; baseline 0 -22"><span class='ocrx_word' id='word_1_119' title='bbox 393 1639 465 1695; x_wconf 82' lang='lat' dir='ltr'>fr.</span> <span class='ocrx_word' id='word_1_120' title='bbox 509 1639 588 1694; x_wconf 85' lang='lat'>21</span> <span class='ocrx_word' id='word_1_121' title='bbox 609 1669 690 1676; x_wconf 95' lang='lat'>—</span> <span class='ocrx_word' id='word_1_122' title='bbox 708 1638 790 1694; x_wconf 87' lang='lat'>24</span> <span class='ocrx_word' id='word_1_123' title='bbox 830 1627 1371 1716; x_wconf 81' lang='lat' dir='ltr'><strong>(LXIII—LXIV)</strong></span> <span class='ocrx_word' id='word_1_124' title='bbox 1428 1636 1806 1695; x_wconf 85' lang='lat' dir='ltr'>referendum</span> <span class='ocrx_word' id='word_1_125' title='bbox 1864 1639 1968 1695; x_wconf 89' lang='lat' dir='ltr'>est.</span> <span class='ocrx_word' id='word_1_126' title='bbox 2061 1637 2264 1711; x_wconf 90' lang='lat' dir='ltr'>itaque</span> <span class='ocrx_word' id='word_1_127' title='bbox 2316 1637 2438 1695; x_wconf 88' lang='lat' dir='ltr'>hoc</span> 
     </span>
     <span class='ocr_line' id='line_1_17' title="bbox 394 1725 2436 1803; baseline 0 -21"><span class='ocrx_word' id='word_1_128' title='bbox 394 1726 815 1803; x_wconf 79' lang='lat' dir='ltr'>fragmentum,</span> <span class='ocrx_word' id='word_1_129' title='bbox 864 1745 997 1783; x_wconf 88' lang='lat' dir='ltr'>cum</span> <span class='ocrx_word' id='word_1_130' title='bbox 1044 1726 1249 1783; x_wconf 89' lang='lat' dir='ltr'>eadem</span> <span class='ocrx_word' id='word_1_131' title='bbox 1294 1726 1362 1783; x_wconf 90' lang='lat' dir='ltr'>in</span> <span class='ocrx_word' id='word_1_132' title='bbox 1409 1725 1729 1784; x_wconf 83' lang='lat' dir='ltr'>altitudine</span> <span class='ocrx_word' id='word_1_133' title='bbox 1769 1726 2125 1801; x_wconf 87' lang='lat' dir='ltr'>inscriptum</span> <span class='ocrx_word' id='word_1_134' title='bbox 2173 1744 2296 1786; x_wconf 89' lang='lat' dir='ltr'>esse</span> <span class='ocrx_word' id='word_1_135' title='bbox 2342 1727 2436 1783; x_wconf 76' lang='lat' dir='ltr'>vi-</span> 
     </span>
     <span class='ocr_line' id='line_1_18' title="bbox 395 1814 2434 1889; baseline 0 -17"><span class='ocrx_word' id='word_1_136' title='bbox 395 1814 608 1873; x_wconf 86' lang='lat' dir='ltr'>deatur</span> <span class='ocrx_word' id='word_1_137' title='bbox 661 1816 841 1889; x_wconf 91' lang='lat' dir='ltr'>atque</span> <span class='ocrx_word' id='word_1_138' title='bbox 899 1816 1190 1889; x_wconf 88' lang='lat' dir='ltr'>epistulae</span> <span class='ocrx_word' id='word_1_139' title='bbox 1248 1818 1308 1872; x_wconf 89' lang='lat' dir='ltr'>et</span> <span class='ocrx_word' id='word_1_140' title='bbox 1364 1815 1492 1873; x_wconf 91' lang='lat' dir='ltr'>sola</span> <span class='ocrx_word' id='word_1_141' title='bbox 1539 1816 1765 1889; x_wconf 88' lang='lat' dir='ltr'>scripta</span> <span class='ocrx_word' id='word_1_142' title='bbox 1818 1815 2099 1874; x_wconf 87' lang='lat' dir='ltr'>inferiore</span> <span class='ocrx_word' id='word_1_143' title='bbox 2156 1816 2285 1873; x_wconf 90' lang='lat' dir='ltr'>loco</span> <span class='ocrx_word' id='word_1_144' title='bbox 2342 1815 2434 1872; x_wconf 90' lang='lat' dir='ltr'>in-</span> 
     </span>
     <span class='ocr_line' id='line_1_19' title="bbox 396 1903 2434 1979; baseline -0.001 -16"><span class='ocrx_word' id='word_1_145' title='bbox 396 1903 520 1963; x_wconf 89' lang='lat' dir='ltr'>cisa</span> <span class='ocrx_word' id='word_1_146' title='bbox 566 1906 986 1964; x_wconf 90' lang='lat' dir='ltr'>commemoret</span> <span class='ocrx_word' id='word_1_147' title='bbox 1029 1903 1280 1979; x_wconf 83' lang='lat' dir='ltr'>physica</span> <span class='ocrx_word' id='word_1_148' title='bbox 1317 1905 1379 1962; x_wconf 93' lang='lat' dir='ltr'>et</span> <span class='ocrx_word' id='word_1_149' title='bbox 1416 1904 1628 1978; x_wconf 87' lang='lat' dir='ltr'>ethica,</span> <span class='ocrx_word' id='word_1_150' title='bbox 1674 1921 1869 1962; x_wconf 91' lang='lat' dir='ltr'>nonne</span> <span class='ocrx_word' id='word_1_151' title='bbox 1905 1905 2038 1961; x_wconf 90' lang='lat' dir='ltr'>tum</span> <span class='ocrx_word' id='word_1_152' title='bbox 2073 1905 2434 1979; x_wconf 87' lang='lat' dir='ltr'>inscriptum</span> 
     </span>
     <span class='ocr_line' id='line_1_20' title="bbox 394 1992 2433 2069; baseline 0 -16"><span class='ocrx_word' id='word_1_153' title='bbox 394 2012 521 2053; x_wconf 89' lang='lat' dir='ltr'>esse</span> <span class='ocrx_word' id='word_1_154' title='bbox 567 1993 738 2053; x_wconf 88' lang='lat' dir='ltr'>nobis</span> <span class='ocrx_word' id='word_1_155' title='bbox 785 1992 1139 2053; x_wconf 87' lang='lat' dir='ltr'>credendum</span> <span class='ocrx_word' id='word_1_156' title='bbox 1187 1995 1294 2068; x_wconf 90' lang='lat' dir='ltr'>est,</span> <span class='ocrx_word' id='word_1_157' title='bbox 1340 2012 1475 2053; x_wconf 89' lang='lat' dir='ltr'>cum</span> <span class='ocrx_word' id='word_1_158' title='bbox 1513 1992 1808 2068; x_wconf 84' lang='lat' dir='ltr'>epistulae</span> <span class='ocrx_word' id='word_1_159' title='bbox 1855 1994 1915 2052; x_wconf 87' lang='lat' dir='ltr'>et</span> <span class='ocrx_word' id='word_1_160' title='bbox 1961 1993 2157 2052; x_wconf 86' lang='lat' dir='ltr'>cetera</span> <span class='ocrx_word' id='word_1_161' title='bbox 2203 1995 2433 2069; x_wconf 87' lang='lat' dir='ltr'>scripta</span> 
     </span>
     <span class='ocr_line' id='line_1_21' title="bbox 391 2080 2429 2160; baseline 0 -20"><span class='ocrx_word' id='word_1_162' title='bbox 391 2082 655 2142; x_wconf 87' lang='lat' dir='ltr'>nondum</span> <span class='ocrx_word' id='word_1_163' title='bbox 709 2083 898 2142; x_wconf 89' lang='lat' dir='ltr'>incisa</span> <span class='ocrx_word' id='word_1_164' title='bbox 953 2080 1164 2141; x_wconf 80' lang='lat' dir='ltr'>erant?</span> <span class='ocrx_word' id='word_1_165' title='bbox 1264 2085 1521 2141; x_wconf 86' lang='lat' dir='ltr'>maxime</span> <span class='ocrx_word' id='word_1_166' title='bbox 1574 2083 1766 2160; x_wconf 84' lang='lat' dir='ltr'>igitur</span> <span class='ocrx_word' id='word_1_167' title='bbox 1817 2081 2030 2157; x_wconf 88' lang='lat' dir='ltr'>probo,</span> <span class='ocrx_word' id='word_1_168' title='bbox 2086 2082 2244 2156; x_wconf 91' lang='lat' dir='ltr'>quod</span> <span class='ocrx_word' id='word_1_169' title='bbox 2303 2083 2429 2140; x_wconf 89' lang='lat' dir='ltr'>edi·-</span> 
     </span>
     <span class='ocr_line' id='line_1_22' title="bbox 391 2171 2431 2247; baseline -0.001 -16"><span class='ocrx_word' id='word_1_170' title='bbox 391 2176 552 2232; x_wconf 89' lang='lat' dir='ltr'>tores</span> <span class='ocrx_word' id='word_1_171' title='bbox 599 2173 995 2231; x_wconf 86' lang='lat' dir='ltr'>recentissimi</span> <span class='ocrx_word' id='word_1_172' title='bbox 1039 2192 1096 2247; x_wconf 90' lang='lat' dir='ltr'>p.</span> <span class='ocrx_word' id='word_1_173' title='bbox 1130 2172 1258 2230; x_wconf 88' lang='lat'>350</span> <span class='ocrx_word' id='word_1_174' title='bbox 1307 2173 1694 2246; x_wconf 86' lang='lat' dir='ltr'>arbitrantur,</span> <span class='ocrx_word' id='word_1_175' title='bbox 1742 2171 2222 2231; x_wconf 88' lang='lat' dir='ltr'>dissertationem</span> <span class='ocrx_word' id='word_1_176' title='bbox 2269 2189 2431 2246; x_wconf 87' lang='lat' dir='ltr'>quae</span> 
     </span>
     <span class='ocr_line' id='line_1_23' title="bbox 393 2259 2428 2335; baseline -0.002 -14"><span class='ocrx_word' id='word_1_177' title='bbox 393 2264 484 2321; x_wconf 90' lang='lat' dir='ltr'>est</span> <span class='ocrx_word' id='word_1_178' title='bbox 537 2260 610 2320; x_wconf 89' lang='lat' dir='ltr'>de</span> <span class='ocrx_word' id='word_1_179' title='bbox 666 2262 966 2320; x_wconf 86' lang='lat' dir='ltr'>senectute</span> <span class='ocrx_word' id='word_1_180' title='bbox 1024 2263 1084 2318; x_wconf 93' lang='lat' dir='ltr'>et</span> <span class='ocrx_word' id='word_1_181' title='bbox 1130 2262 1332 2320; x_wconf 89' lang='lat' dir='ltr'>omnia</span> <span class='ocrx_word' id='word_1_182' title='bbox 1388 2261 1509 2319; x_wconf 91' lang='lat' dir='ltr'>alia</span> <span class='ocrx_word' id='word_1_183' title='bbox 1565 2261 1790 2335; x_wconf 87' lang='lat' dir='ltr'>scripta</span> <span class='ocrx_word' id='word_1_184' title='bbox 1836 2259 2160 2317; x_wconf 90' lang='lat' dir='ltr'>maioribus</span> <span class='ocrx_word' id='word_1_185' title='bbox 2205 2260 2428 2318; x_wconf 83' lang='lat' dir='ltr'>litteris</span> 
     </span>
     <span class='ocr_line' id='line_1_24' title="bbox 394 2348 2432 2426; baseline -0.001 -18"><span class='ocrx_word' id='word_1_186' title='bbox 394 2368 573 2426; x_wconf 90' lang='lat' dir='ltr'>quam</span> <span class='ocrx_word' id='word_1_187' title='bbox 621 2351 843 2426; x_wconf 88' lang='lat' dir='ltr'>scripta</span> <span class='ocrx_word' id='word_1_188' title='bbox 889 2349 1137 2425; x_wconf 84' lang='lat' dir='ltr'>physica</span> <span class='ocrx_word' id='word_1_189' title='bbox 1184 2353 1245 2409; x_wconf 90' lang='lat' dir='ltr'>et</span> <span class='ocrx_word' id='word_1_190' title='bbox 1290 2350 1487 2409; x_wconf 89' lang='lat' dir='ltr'>ethica</span> <span class='ocrx_word' id='word_1_191' title='bbox 1530 2350 1721 2409; x_wconf 86' lang='lat' dir='ltr'>incisa</span> <span class='ocrx_word' id='word_1_192' title='bbox 1775 2351 1913 2425; x_wconf 91' lang='lat' dir='ltr'>post</span> <span class='ocrx_word' id='word_1_193' title='bbox 1956 2349 2103 2407; x_wconf 88' lang='lat' dir='ltr'>haec</span> <span class='ocrx_word' id='word_1_194' title='bbox 2139 2348 2432 2425; x_wconf 87' lang='lat' dir='ltr'>inscripta</span> 
     </span>
     <span class='ocr_line' id='line_1_25' title="bbox 393 2438 2432 2516; baseline -0.001 -18"><span class='ocrx_word' id='word_1_195' title='bbox 393 2455 543 2513; x_wconf 86' lang='lat' dir='ltr'>esse3</span> <span class='ocrx_word' id='word_1_196' title='bbox 590 2443 649 2498; x_wconf 84' lang='lat' dir='ltr'>et</span> <span class='ocrx_word' id='word_1_197' title='bbox 704 2440 810 2497; x_wconf 90' lang='lat' dir='ltr'>illa</span> <span class='ocrx_word' id='word_1_198' title='bbox 856 2439 1255 2514; x_wconf 88' lang='lat' dir='ltr'>praefatione,</span> <span class='ocrx_word' id='word_1_199' title='bbox 1311 2440 1479 2498; x_wconf 89' lang='lat' dir='ltr'>cuius</span> <span class='ocrx_word' id='word_1_200' title='bbox 1523 2439 1638 2497; x_wconf 91' lang='lat' dir='ltr'>hoc</span> <span class='ocrx_word' id='word_1_201' title='bbox 1683 2438 2086 2516; x_wconf 86' lang='lat' dir='ltr'>fragmentum</span> <span class='ocrx_word' id='word_1_202' title='bbox 2132 2456 2271 2513; x_wconf 89' lang='lat' dir='ltr'>pars</span> <span class='ocrx_word' id='word_1_203' title='bbox 2321 2440 2432 2509; x_wconf 87' lang='lat' dir='ltr'>est,</span> 
     </span>
     <span class='ocr_line' id='line_1_26' title="bbox 391 2526 2433 2604; baseline -0.002 -16"><span class='ocrx_word' id='word_1_204' title='bbox 391 2547 635 2588; x_wconf 90' lang='lat' dir='ltr'>causam</span> <span class='ocrx_word' id='word_1_205' title='bbox 680 2529 956 2587; x_wconf 89' lang='lat' dir='ltr'>attulisse</span> <span class='ocrx_word' id='word_1_206' title='bbox 1003 2528 1354 2603; x_wconf 88' lang='lat' dir='ltr'>scriptorem</span> <span class='ocrx_word' id='word_1_207' title='bbox 1397 2531 1563 2604; x_wconf 89' lang='lat' dir='ltr'>puto,</span> <span class='ocrx_word' id='word_1_208' title='bbox 1612 2546 1717 2586; x_wconf 85' lang='lat' dir='ltr'>cur</span> <span class='ocrx_word' id='word_1_209' title='bbox 1754 2526 1832 2585; x_wconf 88' lang='lat' dir='ltr'>ad</span> <span class='ocrx_word' id='word_1_210' title='bbox 1866 2527 1976 2585; x_wconf 89' lang='lat' dir='ltr'>illa</span> <span class='ocrx_word' id='word_1_211' title='bbox 2014 2526 2433 2602; x_wconf 50' lang='lat' dir='ltr'>scripta‘phy-</span> 
     </span>
     <span class='ocr_line' id='line_1_27' title="bbox 392 2608 2430 2698; baseline -0.001 -22"><span class='ocrx_word' id='word_1_212' title='bbox 392 2620 515 2678; x_wconf 90' lang='lat' dir='ltr'>sica</span> <span class='ocrx_word' id='word_1_213' title='bbox 562 2619 623 2675; x_wconf 85' lang='lat' dir='ltr'>et</span> <span class='ocrx_word' id='word_1_214' title='bbox 669 2617 865 2677; x_wconf 88' lang='lat' dir='ltr'>ethica</span> <span class='ocrx_word' id='word_1_215' title='bbox 900 2617 1048 2676; x_wconf 88' lang='lat' dir='ltr'>haec</span> <span class='ocrx_word' id='word_1_216' title='bbox 1084 2637 1239 2675; x_wconf 87' lang='lat' dir='ltr'>nova</span> <span class='ocrx_word' id='word_1_217' title='bbox 1279 2609 1596 2698; x_wconf 82' lang='lat' dir='ltr'>(epistulas</span> <span class='ocrx_word' id='word_1_218' title='bbox 1636 2620 1697 2675; x_wconf 90' lang='lat' dir='ltr'>et</span> <span class='ocrx_word' id='word_1_219' title='bbox 1734 2608 1886 2698; x_wconf 90' lang='lat' dir='ltr'>alia)</span> <span class='ocrx_word' id='word_1_220' title='bbox 1924 2615 2185 2674; x_wconf 82' lang='lat' dir='ltr'>adderet.</span> <span class='ocrx_word' id='word_1_221' title='bbox 2247 2634 2430 2691; x_wconf 90' lang='lat' dir='ltr'>quam</span> 
     </span>
     <span class='ocr_line' id='line_1_28' title="bbox 391 2707 1585 2782; baseline -0.003 -16"><span class='ocrx_word' id='word_1_222' title='bbox 391 2707 637 2766; x_wconf 88' lang='lat' dir='ltr'>obrem</span> <span class='ocrx_word' id='word_1_223' title='bbox 685 2707 869 2766; x_wconf 89' lang='lat' dir='ltr'>etiam</span> <span class='ocrx_word' id='word_1_224' title='bbox 914 2707 1023 2765; x_wconf 89' lang='lat' dir='ltr'>illa</span> <span class='ocrx_word' id='word_1_225' title='bbox 1067 2707 1261 2782; x_wconf 90' lang='lat' dir='ltr'>primo</span> <span class='ocrx_word' id='word_1_226' title='bbox 1307 2708 1585 2765; x_wconf 85' lang='lat' dir='ltr'>tractavi.</span> 
     </span>
    </p>

    <p class='ocr_par' dir='ltr' id='par_1_4' title="bbox 386 2790 2434 3495">
     <span class='ocr_line' id='line_1_29' title="bbox 523 2790 2429 2871; baseline -0.004 -17"><span class='ocrx_word' id='word_1_227' title='bbox 523 2795 727 2854; x_wconf 90' lang='lat' dir='ltr'>Unum</span> <span class='ocrx_word' id='word_1_228' title='bbox 770 2796 884 2854; x_wconf 89' lang='lat' dir='ltr'>hoc</span> <span class='ocrx_word' id='word_1_229' title='bbox 930 2814 1164 2871; x_wconf 89' lang='lat' dir='ltr'>quoque</span> <span class='ocrx_word' id='word_1_230' title='bbox 1201 2796 1379 2855; x_wconf 84' lang='lat' dir='ltr'>liceat</span> <span class='ocrx_word' id='word_1_231' title='bbox 1417 2796 1566 2853; x_wconf 92' lang='lat' dir='ltr'>mihi</span> <span class='ocrx_word' id='word_1_232' title='bbox 1605 2814 1914 2870; x_wconf 86' lang='lat' dir='ltr'>exponere,</span> <span class='ocrx_word' id='word_1_233' title='bbox 1963 2790 2254 2869; x_wconf 89' lang='lat' dir='ltr'>quomodo</span> <span class='ocrx_word' id='word_1_234' title='bbox 2291 2793 2429 2848; x_wconf 86' lang='lat' dir='ltr'>tota.</span> 
     </span>
     <span class='ocr_line' id='line_1_30' title="bbox 387 2880 2425 2962; baseline -0.003 -18"><span class='ocrx_word' id='word_1_235' title='bbox 387 2887 702 2962; x_wconf 87' lang='lat' dir='ltr'>inscriptio</span> <span class='ocrx_word' id='word_1_236' title='bbox 732 2884 1008 2943; x_wconf 88' lang='lat' dir='ltr'>ordinata</span> <span class='ocrx_word' id='word_1_237' title='bbox 1035 2886 1218 2944; x_wconf 87' lang='lat' dir='ltr'>fuisse</span> <span class='ocrx_word' id='word_1_238' title='bbox 1239 2885 1389 2943; x_wconf 89' lang='lat' dir='ltr'>mihi</span> <span class='ocrx_word' id='word_1_239' title='bbox 1407 2884 1698 2943; x_wconf 87' lang='lat' dir='ltr'>videatur.</span> <span class='ocrx_word' id='word_1_240' title='bbox 1738 2884 1810 2950; x_wconf 80' lang='lat' dir='ltr'>de</span> <span class='ocrx_word' id='word_1_241' title='bbox 1840 2902 1910 2940; x_wconf 89' lang='lat' dir='ltr'>ea</span> <span class='ocrx_word' id='word_1_242' title='bbox 1936 2902 2001 2940; x_wconf 91' lang='lat' dir='ltr'>re</span> <span class='ocrx_word' id='word_1_243' title='bbox 2022 2882 2220 2940; x_wconf 88' lang='lat' dir='ltr'>confer</span> <span class='ocrx_word' id='word_1_244' title='bbox 2239 2880 2425 2938; x_wconf 90' lang='lat' dir='ltr'>etiam</span> 
     </span>
     <span class='ocr_line' id='line_1_31' title="bbox 391 2971 2426 3050; baseline -0.003 -18"><span class='ocrx_word' id='word_1_245' title='bbox 391 2994 544 3050; x_wconf 90' lang='lat' dir='ltr'>quae</span> <span class='ocrx_word' id='word_1_246' title='bbox 591 2973 692 3033; x_wconf 76' lang='lat' dir='ltr'>Ue.</span> <span class='ocrx_word' id='word_1_247' title='bbox 740 2974 777 3031; x_wconf 92' lang='lat' dir='ltr'>l.</span> <span class='ocrx_word' id='word_1_248' title='bbox 810 2993 856 3033; x_wconf 92' lang='lat' dir='ltr'>c.</span> <span class='ocrx_word' id='word_1_249' title='bbox 905 2994 960 3049; x_wconf 92' lang='lat' dir='ltr'>p.</span> <span class='ocrx_word' id='word_1_250' title='bbox 995 2975 1121 3031; x_wconf 87' lang='grc'>418</span> <span class='ocrx_word' id='word_1_251' title='bbox 1171 2976 1232 3031; x_wconf 91' lang='lat' dir='ltr'>et</span> <span class='ocrx_word' id='word_1_252' title='bbox 1277 2974 1425 3032; x_wconf 91' lang='lat' dir='ltr'>Heb.</span> <span class='ocrx_word' id='word_1_253' title='bbox 1466 2977 1525 3032; x_wconf 89' lang='lat' dir='ltr'>et</span> <span class='ocrx_word' id='word_1_254' title='bbox 1560 2973 1694 3031; x_wconf 87' lang='lat' dir='ltr'>Kal.</span> <span class='ocrx_word' id='word_1_255' title='bbox 1741 2993 1798 3048; x_wconf 90' lang='lat' dir='ltr'>p.</span> <span class='ocrx_word' id='word_1_256' title='bbox 1840 2972 1968 3029; x_wconf 83' lang='lat'>348</span> <span class='ocrx_word' id='word_1_257' title='bbox 2018 2971 2289 3029; x_wconf 84' lang='lat' dir='ltr'>dixerint.</span> <span class='ocrx_word' id='word_1_258' title='bbox 2356 2987 2426 3026; x_wconf 86' lang='lat' dir='ltr'>ex</span> 
     </span>
     <span class='ocr_line' id='line_1_32' title="bbox 386 3058 2425 3139; baseline -0.003 -18"><span class='ocrx_word' id='word_1_259' title='bbox 386 3064 481 3122; x_wconf 88' lang='lat' dir='ltr'>his</span> <span class='ocrx_word' id='word_1_260' title='bbox 535 3063 647 3121; x_wconf 90' lang='lat' dir='ltr'>hoc</span> <span class='ocrx_word' id='word_1_261' title='bbox 701 3065 958 3122; x_wconf 87' lang='lat' dir='ltr'>maxime</span> <span class='ocrx_word' id='word_1_262' title='bbox 1012 3062 1225 3139; x_wconf 89' lang='lat' dir='ltr'>probo,</span> <span class='ocrx_word' id='word_1_263' title='bbox 1282 3063 1445 3139; x_wconf 88' lang='lat' dir='ltr'>quod</span> <span class='ocrx_word' id='word_1_264' title='bbox 1488 3064 1828 3139; x_wconf 85' lang='lat' dir='ltr'>fragmenta</span> <span class='ocrx_word' id='word_1_265' title='bbox 1873 3061 2149 3118; x_wconf 89' lang='lat' dir='ltr'>maximis</span> <span class='ocrx_word' id='word_1_266' title='bbox 2204 3058 2425 3116; x_wconf 86' lang='lat' dir='ltr'>litteris</span> 
     </span>
     <span class='ocr_line' id='line_1_33' title="bbox 389 3149 2434 3229; baseline -0.004 -18"><span class='ocrx_word' id='word_1_267' title='bbox 389 3154 616 3229; x_wconf 84' lang='lat' dir='ltr'>scripta</span> <span class='ocrx_word' id='word_1_268' title='bbox 644 3151 1003 3211; x_wconf 87' lang='lat' dir='ltr'>altissimum</span> <span class='ocrx_word' id='word_1_269' title='bbox 1031 3153 1293 3211; x_wconf 89' lang='lat' dir='ltr'>tenuisse</span> <span class='ocrx_word' id='word_1_270' title='bbox 1329 3152 1528 3211; x_wconf 90' lang='lat' dir='ltr'>locum</span> <span class='ocrx_word' id='word_1_271' title='bbox 1565 3151 1942 3222; x_wconf 84' lang='lat' dir='ltr'>censuerunt3</span> <span class='ocrx_word' id='word_1_272' title='bbox 1982 3151 2178 3207; x_wconf 89' lang='lat' dir='ltr'>cetera</span> <span class='ocrx_word' id='word_1_273' title='bbox 2206 3149 2434 3217; x_wconf 86' lang='lat' dir='ltr'>autem,</span> 
     </span>
     <span class='ocr_line' id='line_1_34' title="bbox 389 3237 2430 3317; baseline -0.005 -16"><span class='ocrx_word' id='word_1_274' title='bbox 389 3244 440 3301; x_wconf 88' lang='lat' dir='ltr'>si</span> <span class='ocrx_word' id='word_1_275' title='bbox 487 3243 651 3301; x_wconf 89' lang='lat' dir='ltr'>recta</span> <span class='ocrx_word' id='word_1_276' title='bbox 688 3243 828 3300; x_wconf 91' lang='lat' dir='ltr'>sunt</span> <span class='ocrx_word' id='word_1_277' title='bbox 865 3260 1019 3317; x_wconf 89' lang='lat' dir='ltr'>quae</span> <span class='ocrx_word' id='word_1_278' title='bbox 1060 3241 1253 3299; x_wconf 88' lang='lat' dir='ltr'>adhuc</span> <span class='ocrx_word' id='word_1_279' title='bbox 1290 3241 1611 3316; x_wconf 84' lang='lat' dir='ltr'>disputavi,</span> <span class='ocrx_word' id='word_1_280' title='bbox 1649 3239 1900 3315; x_wconf 88' lang='lat' dir='ltr'>paulum</span> <span class='ocrx_word' id='word_1_281' title='bbox 1938 3237 2228 3296; x_wconf 90' lang='lat' dir='ltr'>mutanda</span> <span class='ocrx_word' id='word_1_282' title='bbox 2264 3238 2430 3294; x_wconf 80' lang='lat' dir='ltr'>sunt.</span> 
     </span>
     <span class='ocr_line' id='line_1_35' title="bbox 387 3322 2431 3406; baseline -0.005 -17"><span class='ocrx_word' id='word_1_283' title='bbox 387 3334 595 3406; x_wconf 87' lang='lat' dir='ltr'>itaque</span> <span class='ocrx_word' id='word_1_284' title='bbox 633 3330 973 3389; x_wconf 87' lang='lat' dir='ltr'>memineris</span> <span class='ocrx_word' id='word_1_285' title='bbox 1010 3331 1210 3403; x_wconf 85' lang='lat' dir='ltr'>velim,</span> <span class='ocrx_word' id='word_1_286' title='bbox 1256 3348 1410 3406; x_wconf 90' lang='lat' dir='ltr'>quae</span> <span class='ocrx_word' id='word_1_287' title='bbox 1449 3348 1629 3405; x_wconf 90' lang='lat' dir='ltr'>supra</span> <span class='ocrx_word' id='word_1_288' title='bbox 1676 3329 1746 3387; x_wconf 89' lang='lat' dir='ltr'>de</span> <span class='ocrx_word' id='word_1_289' title='bbox 1791 3327 2063 3404; x_wconf 87' lang='lat' dir='ltr'>lapidum</span> <span class='ocrx_word' id='word_1_290' title='bbox 2109 3322 2431 3383; x_wconf 90' lang='lat' dir='ltr'>altitudine</span> 
     </span>
     <span class='ocr_line' id='line_1_36' title="bbox 388 3414 2427 3495; baseline -0.004 -17"><span class='ocrx_word' id='word_1_291' title='bbox 388 3420 659 3495; x_wconf 84' lang='lat' dir='ltr'>dixerim,</span> <span class='ocrx_word' id='word_1_292' title='bbox 688 3421 750 3478; x_wconf 88' lang='lat' dir='ltr'>et</span> <span class='ocrx_word' id='word_1_293' title='bbox 778 3420 1047 3478; x_wconf 88' lang='lat' dir='ltr'>conferas</span> <span class='ocrx_word' id='word_1_294' title='bbox 1075 3418 1348 3494; x_wconf 88' lang='lat' dir='ltr'>lapidum</span> <span class='ocrx_word' id='word_1_295' title='bbox 1376 3420 1633 3478; x_wconf 89' lang='lat' dir='ltr'>formam</span> <span class='ocrx_word' id='word_1_296' title='bbox 1662 3417 1823 3493; x_wconf 89' lang='lat' dir='ltr'>apud</span> <span class='ocrx_word' id='word_1_297' title='bbox 1861 3416 2117 3475; x_wconf 88' lang='lat' dir='ltr'>editores</span> <span class='ocrx_word' id='word_1_298' title='bbox 2145 3414 2427 3472; x_wconf 87' lang='lat' dir='ltr'>recentis-</span> 
     </span>
    </p>
   </div>
   <div class='ocr_carea' id='block_1_3' title="bbox 385 3503 2429 3676">
    <p class='ocr_par' dir='ltr' id='par_1_5' title="bbox 385 3503 2429 3676">
     <span class='ocr_line' id='line_1_37' title="bbox 389 3503 2429 3585; baseline -0.004 -17"><span class='ocrx_word' id='word_1_299' title='bbox 389 3511 569 3569; x_wconf 88' lang='lat' dir='ltr'>simos</span> <span class='ocrx_word' id='word_1_300' title='bbox 591 3509 904 3585; x_wconf 89' lang='lat' dir='ltr'>depictam.</span> <span class='ocrx_word' id='word_1_301' title='bbox 933 3528 1027 3569; x_wconf 90' lang='lat' dir='ltr'>res</span> <span class='ocrx_word' id='word_1_302' title='bbox 1058 3511 1216 3567; x_wconf 90' lang='lat' dir='ltr'>enim</span> <span class='ocrx_word' id='word_1_303' title='bbox 1236 3508 1679 3584; x_wconf 88' lang='lat' dir='ltr'>simplicissima</span> <span class='ocrx_word' id='word_1_304' title='bbox 1698 3509 1805 3581; x_wconf 85' lang='lat' dir='ltr'>est,</span> <span class='ocrx_word' id='word_1_305' title='bbox 1835 3508 1889 3565; x_wconf 89' lang='lat' dir='ltr'>si</span> <span class='ocrx_word' id='word_1_306' title='bbox 1915 3506 2198 3583; x_wconf 88' lang='lat' dir='ltr'>putamus</span> <span class='ocrx_word' id='word_1_307' title='bbox 2227 3503 2429 3561; x_wconf 90' lang='lat' dir='ltr'>omnia</span> 
     </span>
     <span class='ocr_line' id='line_1_38' title="bbox 385 3592 2429 3676; baseline -0.004 -19"><span class='ocrx_word' id='word_1_308' title='bbox 385 3599 723 3676; x_wconf 85' lang='lat' dir='ltr'>fragmenta</span> <span class='ocrx_word' id='word_1_309' title='bbox 754 3599 1014 3657; x_wconf 84' lang='lat'>56—62</span> <span class='ocrx_word' id='word_1_310' title='bbox 1046 3617 1138 3657; x_wconf 90' lang='lat' dir='ltr'>cm</span> <span class='ocrx_word' id='word_1_311' title='bbox 1168 3598 1312 3671; x_wconf 89' lang='lat' dir='ltr'>alta,</span> <span class='ocrx_word' id='word_1_312' title='bbox 1351 3597 1412 3656; x_wconf 91' lang='lat' dir='ltr'>id</span> <span class='ocrx_word' id='word_1_313' title='bbox 1443 3599 1533 3656; x_wconf 87' lang='lat' dir='ltr'>est</span> <span class='ocrx_word' id='word_1_314' title='bbox 1570 3596 1890 3673; x_wconf 87' lang='lat' dir='ltr'>epistulam</span> <span class='ocrx_word' id='word_1_315' title='bbox 1930 3593 2009 3653; x_wconf 90' lang='lat' dir='ltr'>ad</span> <span class='ocrx_word' id='word_1_316' title='bbox 2034 3592 2429 3668; x_wconf 87' lang='lat' dir='ltr'>Antipatrum</span> 
     </span>
    </p>
   </div>
  </div>
 </body>
</html>
