2693 4100
1053 239 1297 346 —‘XV
1373 323 1438 333 .-

225 487 353 544 quo
401 467 474 525 de
523 462 957 540 cupiditatibus
1005 462 1229 521 dictum
1278 464 1385 535 est,
1431 461 1599 519 nulla
1635 461 1974 538 fragmenta
2021 463 2273 519 exstant„

227 589 321 599 —-
366 557 598 614 restant
634 555 737 612 frr.
771 553 1035 610 66-70
1065 542 1595 631 (xxv—XXVI).
1655 568 1807 625 quae
1844 551 1906 607 in
1948 549 2271 609 secundum

238 646 427 721 caput
463 640 604 716 περὶ
642 637 956 716 πράξεων,
996 640 1152 716 quod
1191 639 1421 698 indicat
1446 639 1745 716 Diogenes
1782 640 1856 696 fr.¹
1886 640 1968 696 63
2000 631 2276 718 (ΧΧΙΧ),

240 735 510 791 referunt
552 731 867 806 Heberdey
913 732 974 788 et
1007 729 1290 803 Kalinka,
1335 747 1454 787 non
1501 731 1659 788 recte
1704 731 1776 785 ut
1821 728 2048 803 opinor.
2130 747 2274 786 nam

243 824 497 898 scriptor
534 840 669 880 cum
707 819 815 894 „de
853 816 1223 877 actionibus“
1254 818 1567 893 disputans
1598 817 1673 875 ad
1701 818 1957 876 virtutes
1994 819 2274 890 venisset,

236 913 287 970 si
336 913 627 986 quantum
685 927 783 968 eas
840 908 915 968 ad
968 907 1209 966 beatam
1263 909 1456 966 vitam
1512 907 1850 965 conferrent
1904 906 2270 967 demonstra-

226 1002 441 1075 visset,
506 1001 663 1057 certe
729 999 813 1057 sic
876 999 999 1056 fere
1065 998 1234 1072 loqui
1296 997 1521 1071 potuit:
1578 997 1719 1069 „has
1776 995 1848 1053 ad
1909 1014 2056 1070 quas
2111 1013 2273 1053 nunc

228 1091 501 1149 venimus
539 1090 793 1148 virtutes
840 1106 960 1146 non
1007 1085 1182 1144 debet
1228 1086 1508 1144 arbitrari
1546 1087 1742 1161 ipsum
1783 1103 1907 1143 esse
1944 1081 2135 1157 τέλος
2173 1084 2271 1144 vel

234 1180 431 1255 ipsam
476 1197 600 1238 esse
646 1178 836 1236 vitam
881 1175 1138 1250 beatam,
1185 1175 1287 1234 sed
1335 1174 1565 1234 efficere
1610 1176 1849 1233 tantum
1894 1171 2115 1231 illam“.
2205 1175 2273 1231 at

239 1269 326 1326 sic
370 1286 486 1325 non
530 1268 801 1343 loquitur
843 1265 965 1339 ille,
1013 1264 1116 1323 sed
1161 1263 1309 1336 dicit
1354 1265 1426 1322 fr.
1468 1257 1655 1342 66s67
1690 1255 1913 1343 (XXV)
1962 1263 2070 1320 col.
2110 1263 2167 1320 1:
2216 1257 2270 1321 εἰ

246 1354 360 1429 μεν
407 1402 419 1414 .
451 1402 462 1413 .
494 1401 548 1415 ..
600 1351 941 1427 ἐπίσκεψιν
981 1347 1168 1427 εἶχεν,
1208 1349 1265 1411 τί
1313 1352 1428 1425 τῆς
1470 1347 1879 1425 εὐδαιμονίας
1918 1347 2271 1423 ποιητικόν,

239 1441 588 1519 ἐβούλοντο
637 1439 700 1502 δ’
750 1438 931 1502 οὗτοι
987 1438 1104 1515 τὰς
1144 1437 1380 1515 ἀρετὰς
1420 1438 1631 1511 λέγειν
1670 1487 1682 1500 .
1716 1487 1726 1499 .
1760 1488 1771 1499 .
1806 1488 1854 1512 .,
1894 1437 2088 1499 οὐδὲν
2129 1434 2273 1499 ἄλλ’

231 1530 361 1594 ἔδει
429 1533 639 1592 ποιεῖν
702 1528 741 1604 ἢ
808 1528 1068 1603 τούτοις
1134 1528 1895 1604 συνομογνωμονοῦντας
1954 1527 2032 1603 μὴ
2098 1525 2270 1602 ἔχειν

234 1618 596 1697 πράγματα.
692 1617 829 1679 ἐπεὶ
886 1615 968 1691 δ’,
1027 1616 1118 1692 ὡς
1177 1615 1376 1690 λέγω,
1433 1615 1509 1678 τὸ
1558 1615 1897 1693 πρόβλημα
1944 1615 2022 1677 οὐ
2071 1615 2271 1678 τοῦτό

233 1709 429 1781 ἐστιν,
461 1708 518 1769 τί
548 1710 663 1784 τῆς
703 1704 1113 1783 εὐδαιμονίας
1151 1705 1500 1782 ποιητικόν,
1540 1705 1597 1766 τί
1636 1706 1708 1766 δὲ
1746 1704 1822 1766 τὸ
1864 1703 2271 1780 εὐδαιμονεῖν

235 1797 434 1871 ἐστιν,
485 1796 589 1859 καὶ
627 1793 706 1858 οὗ
743 1795 904 1858 κατὰ
940 1795 1018 1857 τὸ
1059 1793 1343 1872 ἔσχατον
1391 1793 1428 1871 ἢ
1479 1793 1681 1872 φύσις
1733 1793 1914 1871 ἡμῶν
1975 1792 2272 1870 ὀρέγεται

239 1884 305 1968 (i.
336 1910 382 1951 e.
433 1885 511 1947 τὸ
560 1880 795 1963 τέλος),
842 1885 960 1960 τὴν
1010 1885 1124 1961 μὲν
1172 1883 1416 1959 ἡδονήν
1474 1903 1634 1961 φημι
1690 1884 1792 1945 καὶ
1839 1885 1956 1944 νῦν
1995 1883 2097 1944 καὶ
2145 1881 2272 1946 αἰεὶ

233 2022 474 2038 ......
523 1976 639 2049 τῆς
697 1971 964 2050 ἀρίστης
1023 1976 1352 2049 διαγωγῆς
1408 1971 1721 2048 ὑπάρχειν
1768 1971 1981 2047 τέλος,
2030 1970 2147 2048 τάς
2196 1973 2271 2034 δὲ

233 2065 470 2142 ἀρετὰς
502 2113 514 2126 .
547 2114 559 2125 .
591 2114 603 2125 .
636 2113 649 2125 .
679 2063 867 2140 τέλος
907 2065 1021 2140 μὲν
1051 2063 1369 2139 οὐδαμοῦ,
1409 2061 1742 2139 ποιητικὰς
1780 2062 1852 2123 δὲ
1890 2063 2006 2123 τοῦ
2037 2060 2267 2138 τέλους

233 2152 415 2227 εἶναι,
462 2156 625 2232 quod
668 2159 878 2232 postea
925 2155 1328 2214 demonstrare
1376 2154 1591 2213 studet.
1665 2154 1831 2212 vides
1877 2153 1941 2210 id
1988 2172 2273 2229 quaerere

239 2248 604 2319 scriptorem,
653 2244 794 2321 quid
845 2239 1034 2316 τέλος
1082 2244 1164 2301 sit
1201 2235 1287 2324 (τί
1325 2241 1401 2301 τὸ
1442 2239 1846 2317 εὐδαιμονεῖν
1887 2234 2112 2323 ἐστιν),
2151 2262 2274 2301 non

241 2331 450 2408 quales
504 2336 753 2393 virtutes
809 2332 957 2407 sint,
1015 2334 1076 2391 et
1122 2351 1221 2392 eos
1267 2331 1722 2408 reprehendere,
1770 2334 1876 2408 qui
1920 2333 2032 2390 hoc
2079 2328 2273 2406 τέλος

244 2420 318 2478 d‘e
363 2440 477 2496 quo
526 2425 865 2499 quaeratur,
900 2423 1160 2481 virtutes
1199 2440 1325 2480 esse
1363 2423 1591 2498 putent.
1682 2423 1888 2498 itaque
1924 2420 2071 2479 haec
2108 2422 2271 2497 frag-

244 2513 443 2571 menta
487 2529 623 2570 cum
661 2513 952 2587 appareat
978 2530 1099 2570 non
1137 2528 1261 2569 esse
1298 2510 1608 2569 referenda
1644 2509 1708 2567 in
1744 2510 1914 2567 illam
1953 2510 2271 2568 secundam

237 2601 469 2677 partem
526 2600 980 2674 disputationiS,
1037 2602 1217 2675 atque
1274 2617 1407 2658 cum
1463 2618 1537 2657 ne
1590 2597 1654 2656 in
1718 2598 1975 2673 primam
2031 2598 2273 2673 quidem

229 2692 469 2765 partem
519 2688 836 2762 quadrent,
884 2708 1007 2764 qua
1053 2689 1124 2747 de
1173 2688 1480 2747 affectibus
1520 2687 1737 2765 agitur,
1783 2689 1984 2764 potius
2024 2689 2085 2746 et
2131 2690 2269 2745 ante

229 2779 387 2836 hanc
435 2779 498 2836 et
547 2778 685 2834 ante
730 2776 901 2834 illam
945 2779 1011 2835 in
1055 2776 1231 2836 initio
1280 2778 1490 2852 scripti
1533 2776 1809 2851 ponenda
1856 2778 2008 2836 sunt.
2075 2794 2273 2834 nonne

232 2866 355 2924 iam
392 2867 464 2924 fr.
498 2867 582 2925 60
613 2855 873 2945 (ΧΧΠΙ)
903 2866 1156 2941 scriptor
1194 2865 1265 2924 de
1294 2883 1525 2924 summo
1562 2865 1718 2924 bono
1746 2862 2057 2940 loquitur?
2094 2884 2272 2941 quem

233 2954 560 3012 verisimile
607 2956 698 3013 est
743 2954 1008 3013 eiusdem
1054 2956 1379 3033 fragmenti
1415 2955 1522 3013 col.
1551 2953 1648 3012 ΙΠ
1682 2955 2043 3029 promisisse,
2091 2955 2163 3012 de
2202 2973 2271 3012 ea

230 3063 296 3101 re
345 3061 405 3101 se
459 3046 669 3119 postea
724 3046 997 3102 acturum
1053 3062 1194 3102 esse.
1286 3044 1492 3119 itaque
1548 3042 1902 3102 credendum
1957 3046 2073 3116 est,
2128 3042 2271 3101 Dio·

237 3150 447 3207 genem
483 3133 571 3191 ita
609 3134 966 3208 opusculum
1004 3152 1178 3193 suum
1212 3132 1563 3206 instituisse,
1600 3134 1670 3190 ut
1705 3134 1966 3207 primum
2003 3152 2155 3209 quae
2194 3133 2274 3191 ab

236 3219 548 3295 Epicureis
593 3221 827 3280 ratione
866 3218 1013 3295 περὶ
1048 3218 1279 3294 τέλους
1317 3221 1668 3280 docerentur
1704 3224 2024 3297 exponeret
2069 3224 2129 3280 et
2167 3222 2270 3280 ad·

232 3309 530 3369 versarios
569 3303 860 3392 (Stoicos)
899 3310 1215 3385 refelleret,
1254 3310 1465 3368 deinde
1502 3313 1722 3384 autem,
1758 3313 2078 3386 postquam
2116 3306 2271 3383 ἡδο-

228 3398 352 3472 νὴν
391 3418 691 3458 summum
726 3400 950 3458 bonum
987 3418 1114 3459 esse
1152 3400 1525 3473 ostendisset,
1573 3400 1923 3476 explicaret,
1971 3400 2274 3475 quomodo

231 3490 296 3547 in
333 3489 500 3546 vitae
533 3507 646 3547 usu
682 3489 853 3548 nobis
891 3489 1037 3548 haec
1075 3488 1326 3548 scientia
1365 3488 1698 3548 adhibenda
1735 3491 1892 3547 esset
1919 3480 2051 3569 (cfr.
2081 3489 2151 3547 fr.
2186 3490 2268 3547 63

231 3568 689 3657 [XXIX]001.1
751 3572 964 3657 ἡμ[εῖς
1021 3571 1365 3656 ζητο]ῦμεν
1410 3573 1558 3656 ἤδη,
1624 3577 1765 3651 πῶς
1814 3573 1850 3636 ὁ
1902 3574 2038 3651 βίος
2085 3574 2268 3652 ἡμεῖν

227 3663 394 3740 ἡδὺς
442 3658 746 3747 γένηται).
