2693 4100
1027 240 1468 305 -81„.-

233 444 246 452 .
272 444 282 454 .
307 443 319 454 .
359 401 694 468 experientia
730 400 925 453 mentis
951 400 1235 467 paulatim
1262 399 1452 453 docuit
1468 401 1845 468 pedetemptim
1871 400 2272 470 proyredientis

230 475 292 526 et
337 489 387 525 v.
430 475 567 523 1029
623 472 902 525 utilitas
956 473 1216 538 empreseit
1269 472 1499 523 nomina
1552 487 1759 535 rerum3
1824 470 1979 539 Epic.
2021 489 2105 539 ep.
2146 471 2172 524 I
2202 475 2266 523 75

229 546 376 598 ἀλλὰ
433 545 541 610 μὴν
597 544 953 610 ὑποληπτέον
999 546 1089 595 καί
1141 544 1248 608 τὴν
1294 544 1467 609 φύσιν
1513 544 1691 596 πολλὰ
1740 545 1828 596 καὶ
1872 550 2109 597 παντοῖα
2157 545 2269 597 ὑπὸ

229 618 426 669 αὐτῶν
454 620 571 668 τῶν
599 616 943 681 πραγμάτων
981 616 1320 680 διδαχθῆναι.
1385 613 1620 666 eandem
1649 613 1990 667 sententiam
2018 614 2128 666 fert
2155 615 2270 667 iam

236 686 614 755 Xenophanes
654 685 829 754 (Diels
878 685 1126 739 Vorsokr.
1164 683 1231 738 fr.
1266 687 1353 752 18)
1396 687 1554 739 οὔτοι
1591 685 1688 739 ἀπ’
1723 687 1897 753 ἀρχῆς
1931 687 2114 739 πάντα
2151 689 2271 739 θεοὶ

233 757 488 824 evm-oi&
516 760 823 823 ὑπέδειξαν,
854 758 992 810 ἀλλὰ
1021 758 1208 825 χρόνῳ
1239 759 1540 823 ζητοῦντες
1567 758 1995 824 ἐφευρίσκουσιν
2024 759 2268 822 ἄμεινον.

232 829 336 882 cfr.
375 827 763 881 Moschionem
799 828 866 880 fr.
900 833 928 879 7
968 845 1023 896 p.
1055 832 1159 880 633
1197 845 1245 880 v,
1280 832 1345 880 18
1367 845 1488 895 sqq.
1526 827 1743 881 Nauck.

383 927 430 963 v.
464 914 494 960 5
534 911 611 972 ώς
649 910 781 961 ούδέ
817 908 1046 975 ταύτας]
1093 907 1169 960 ad
1212 909 1430 961 nullam
1467 914 1655 973 artene,
1700 915 1764 962 ut
1798 926 1866 962 ne
1902 908 1978 962 ad
2014 908 2114 961 has
2152 912 2271 976 qm·-

230 981 375 1045 dem,
411 978 781 1033 adhibendum
818 985 894 1033 est
929 996 1132 1032 numen
1168 979 1344 1033 ullum
1381 981 1620 1033 deorum.

383 1077 431 1112 v,
466 1065 494 1111 7
535 1062 666 1113 οὔτε
702 1062 809 1126 τὴν
848 1059 1087 1128 Ἀθηνᾶν
1124 1061 1559 1127 παραλημπτέον
1600 1061 1656 1111 et
1694 1059 1796 1112 col.
1827 1059 1904 1111 111
1932 1064 1965 1111 4
2005 1062 2143 1126 μήτε
2171 1063 2272 1113 τὸν

234 1133 443 1199 Ἑρμῆν
470 1132 693 1198 παραλ]
749 1129 891 1183 talia
928 1129 1073 1183 enim
1113 1147 1225 1183 non
1263 1133 1463 1184 curant
1500 1130 1610 1197 dei,
1649 1133 1845 1198 utpote
1883 1130 1982 1197 qui
2020 1147 2274 1184 securam

236 1204 414 1256 vitam
459 1204 660 1271 agant,
710 1202 808 1254 cfr.
846 1201 999 1269 quod
1035 1201 1137 1270 Ep.
1178 1219 1264 1270 ep.
1293 1202 1320 1254 I
1351 1207 1416 1255 76
1465 1202 1535 1254 de
1582 1200 1874 1254 stellarum
1919 1204 2077 1255 mossu
2117 1203 2275 1268 dicit,

235 1277 298 1328 et
335 1290 421 1342 ep.
461 1275 513 1326 Il
544 1279 608 1327 97
662 1277 751 1327 καὶ
797 1276 831 1339 ἡ
882 1274 1001 1328 θεία
1049 1276 1216 1340 φύσις
1260 1276 1401 1341 πρὸς
1435 1279 1615 1327 ταῦτα
1656 1276 1880 1342 μηδαμῇ
1917 1276 2272 1340 παραγέσθω,

233 1347 359 1400 ἀλλ’
396 1347 825 1412 ἀλειτούργητος
861 1346 1229 1413 διατηρείσθω
1267 1349 1358 1398 καὶ
1396 1347 1456 1398 έν
1492 1346 1646 1414 πάσῃ
1686 1347 2063 1412 μακαριότητι.

382 1443 433 1480 v.
474 1430 537 1478 11
598 1425 669 1479 de
722 1423 1003 1492 loquellae
1060 1424 1277 1495 origine
1336 1424 1436 1478 cfr.
1483 1424 1586 1492 Ep.
1645 1442 1730 1493 ep.
1771 1424 1797 1477 Ι
1835 1424 2008 1495 75J76
2068 1427 2123 1477 et
2180 1423 2274 1478 Us,

232 1497 304 1552 fr.
337 1498 539 1568 334s53
586 1496 745 1550 Lucr.
774 1495 826 1548 V
859 1500 996 1548 1028
1013 1513 1131 1564 sqq.

383 1596 432 1631 v,
466 1582 531 1630 12
578 1575 931 1645 parenthesis
977 1579 1123 1641 λέγω
1172 1580 1233 1631 δὲ
1262 1619 1455 1632 ......
1486 1579 1567 1631 ὧν
1606 1578 1877 1644 ἐποίησαν
1913 1579 2016 1641 τὰς
2049 1580 2279 1643 πρώτας

239 1651 605 1716 ἀναφθένξεις
642 1649 694 1702 οἱ
731 1649 843 1702 ἀπὸ
879 1652 986 1715 γῆς
1022 1650 1232 1715 φύντες
1276 1651 1567 1716 ἄνθρωποι
1602 1665 1715 1702 non
1753 1649 1874 1702 sine
1913 1662 2080 1701 causa
2119 1647 2279 1701 addi-

237 1724 348 1773 tur.
437 1736 573 1773 nam
627 1719 810 1788 prima
863 1720 1089 1772 tantum
1142 1720 1417 1773 vocabula
1474 1723 1641 1786 φύσει
1697 1721 1822 1772 orta
1878 1736 2024 1786 esse,
2080 1721 2278 1786 postea

237 1794 433 1845 autem
467 1794 575 1858 τὴν
612 1793 765 1845 θέσιν
803 1807 1026 1858 quoque
1063 1789 1306 1843 multum
1336 1789 1576 1844 valuisse
1607 1791 1681 1844 ad
1706 1791 1938 1843 nomina
1975 1789 2142 1842 rebus
2179 1790 2279 1843 tri-

242 1863 471 1916 buenda
507 1861 782 1930 Epicurus
823 1861 961 1915 dicit
1001 1878 1086 1930 ep.
1125 1862 1150 1915 Ι
1181 1867 1247 1914 75
1298 1864 1538 1930 ὕστερον
1576 1865 1637 1917 δὲ
1676 1868 1877 1926 κοινῶς
1912 1862 2036 1916 καθ’
2072 1864 2279 1915 ἕκαστα

237 1938 378 2002 ἔθνη
418 1935 490 1988 τὰ
526 1935 636 1987 ἴδια
674 1938 957 2000 τεθῆναι
995 1937 1136 2000 πρὸς
1170 1936 1238 1987 τὸ
1274 1936 1377 1998 τὰς
1414 1937 1684 2000 δηλώσεις
1719 1934 1894 1999 ἦττον
1933 1934 2281 1999 ἀμφιβόλους

235 2009 500 2072 γενέσθαι
539 2006 798 2073 ἀλλήλοις
833 2008 923 2059 καὶ
961 2008 1405 2073 συντομωτέρως
1443 2007 1804 2073 δηλουμένας.

391 2085 494 2139 col.
524 2085 603 2138 111
637 2104 688 2139 v,
722 2092 748 2138 1
791 2085 889 2139 cfr.
930 2085 1036 2139 vol.
1068 2085 1287 2140 Hercul.
1327 2086 1453 2140 coll.
1495 2086 1591 2140 alt.
1622 2085 1725 2139 VII
1764 2084 1865 2139 col.
1909 2090 1974 2137 26
2016 2087 2184 2152 φύσει
2220 2088 2282 2140 δὲ

238 2161 345 2223 τὰς
407 2161 634 2226 πρώτας
695 2164 813 2212 τῶν
878 2159 1175 2224 ὀνομάτων
1236 2159 1632 2226 ἀναφωνήσεις
1694 2160 1984 2222 γεγονέναι
2048 2159 2283 2223 λέγομεν

244 2234 295 2299 (e
333 2228 481 2283 libro
519 2229 795 2298 Epicureo
833 2229 1035 2282 incerti
1074 2230 1359 2298 auctoris).

389 2328 437 2362 v.
470 2316 503 2363 4
541 2309 610 2362 de
647 2308 924 2363 Mercurio
962 2308 1268 2376 loquellam
1305 2310 1543 2364 docente
1580 2311 1775 2363 narrat
1815 2309 2039 2362 Diodor.
2070 2307 2096 2360 I
2126 2308 2282 2378 15s16

245 2384 359 2436 ὑπὸ
397 2383 505 2448 γὰρ
543 2383 751 2435 τούτου
791 2387 1018 2448 πρῶτον
1059 2383 1158 2447 μὲν
1194 2381 1300 2447 τήν
1337 2399 1401 2435 τε
1448 2384 1642 2448 κοινὴν
1689 2383 1976 2436 διάλεκτον
2015 2384 2285 2446 διαρθρω-

238 2458 412 2521 θῆναι
450 2457 542 2506 καὶ
576 2455 756 2506 πολλὰ
792 2458 910 2506 τῶν
949 2455 1262 2519 ἀνωνύμων
1300 2459 1487 2519 τυχεῖν
1524 2453 1917 2521 προσηγορίας.

391 2551 440 2585 v.
472 2537 503 2585 9
526 2550 644 2600 sqq.
683 2531 1008 2600 philosophi
1044 2535 1194 2587 θέσει
1232 2548 1543 2585 sermonem
1581 2535 1766 2586 ortum
1804 2550 1924 2585 esse
1962 2531 2072 2585 rati
2110 2530 2287 2585 Hera-

243 2604 420 2659 clitus
461 2606 621 2657 erant
660 2607 716 2657 et
752 2603 1107 2657 Democriizus
1146 2605 1204 2656 et
1239 2601 1589 2657 Aristoteles,

394 2684 498 2739 col.
528 2685 604 2738 tv
641 2687 712 2739 τὰ
748 2685 954 2739 τοσάδε
990 2685 1194 2751 πλήθη,
1234 2683 1451 2737 scilicet
1480 2686 1794 2751 ὀνομάτων,
1838 2700 1951 2737 non
1978 2683 2285 2748 hominum,

246 2759 314 2810 ut
361 2773 429 2808 ex
473 2773 525 2810 v,
568 2762 632 2809 12
690 2757 944 2823 apparet.
1029 2755 1169 2809 dicit
1215 2756 1368 2808 enim
1423 2772 1575 2820 eum,
1632 2754 1730 2822 qui
1779 2754 2052 2808 vocabula
2101 2772 2288 2808 rerum

246 2827 545 2893 inveniret,
592 2826 772 2880 solum
817 2828 1035 2879 tantam
1090 2826 1488 2880 vocabulorum
1543 2825 1966 2879 multitudinem
2022 2825 2286 2895 colligere

247 2916 364 2952 non
400 2898 670 2966 potuisse.
744 2913 892 2964 nam,
932 2897 980 2950 si
1017 2897 1248 2965 quidem
1283 2914 1477 2952 revera
1507 2901 1655 2952 θέσει
1685 2898 1808 2951 orta.
1837 2899 1969 2950 sunt
1996 2897 2288 2962 vocabula,

249 2988 428 3022 unum
464 2968 750 3022 hominem
786 2968 972 3036 prima
1009 2968 1233 3022 finxisse
1273 2972 1711 3023 consentaneum
1749 2970 1849 3034 est,
1889 2986 2036 3035 cum,
2076 2968 2123 3020 si
2161 2968 2288 3035 quis

247 3040 507 3094 animum
534 3040 865 3107 induxisset,
901 3042 967 3093 ut
995 3039 1267 3094 vocabula
1294 3040 1548 3111 fingeret,
1587 3039 1885 3094 consilium
1913 3057 2076 3093 suum
2104 3039 2288 3092 verbis

249 3111 503 3165 nondum
547 3111 791 3165 inventis
837 3128 964 3164 cum
1010 3111 1137 3165 aliis
1185 3112 1594 3165 communicare
1639 3129 1754 3165 non
1790 3111 2054 3180 potuerit.
2130 3127 2289 3179 prae-

253 3185 411 3235 sserea
448 3182 638 3236 omnia
674 3181 948 3236 vocabula.
985 3201 1019 3235 a.
1046 3201 1103 3236 se
1130 3184 1361 3236 inventa
1389 3182 1657 3237 memoria
1686 3186 1876 3236 tenere
1907 3199 2034 3236 eum
2063 3198 2289 3235 necesse

255 3257 405 3317 erat,
461 3271 587 3307 cum
641 3252 849 3307 litteris
904 3271 1048 3321 quae
1101 3254 1352 3308 nondum
1397 3255 1658 3308 inventae
1706 3256 1865 3307 erant
1911 3271 1977 3307 ea
2023 3254 2291 3306 mandare

257 3341 372 3378 non
409 3329 598 3392 posset
635 3328 703 3395 (v.
739 3328 840 3394 12).
898 3341 1030 3378 nam
1065 3325 1309 3392 litterae,
1346 3325 1535 3393 inquit
1572 3344 1619 3380 V.
1651 3331 1736 3392 14,
1774 3328 1840 3378 ut
1876 3325 2292 3394 colligerentur,

251 3412 400 3465 opus
448 3401 567 3449 erat
613 3396 787 3450 etiam
834 3396 1043 3463 verbis,
1098 3412 1200 3465 per
1235 3414 1380 3464 quae
1418 3398 1791 3466 imperaretur
1826 3396 2085 3451 collectio
2123 3398 2191 3465 (v,
2226 3401 2292 3448 14

253 3484 435 3535 usque
484 3467 552 3520 ad
604 3468 669 3521 fr.
699 3467 776 3520 XI
804 3470 876 3537 4).
949 3468 1102 3535 quod
1149 3468 1196 3521 si
1241 3472 1394 3521 recte
1443 3485 1477 3521 a
1527 3467 1690 3522 nobis
1736 3467 2104 3538 intellegitur,
2143 3485 2189 3520 v.
2225 3472 2290 3520 12

253 3554 442 3606 neque
488 3556 592 3592 vox
640 3542 885 3606 βασιλέες
929 3539 1108 3593 ullum
1154 3539 1328 3592 habet
1372 3539 1558 3594 locum
1604 3555 1786 3608 neque
1825 3540 2075 3607 βιάτορες
2110 3555 2292 3605 neque

251 3611 549 3679 βάσταγες,
590 3628 717 3664 cum
754 3610 823 3663 de
862 3611 1195 3682 colligendis
1223 3627 1335 3664 non
1365 3610 1686 3665 hominibus
1716 3611 1816 3664 sed
1843 3609 2130 3665 vocabulis
2160 3626 2294 3680 aga.-

365 3710 607 3751 Droenm
636 3710 1006 3752 Oenomaum
1035 3712 1295 3760 tramenta
1322 3711 1391 3750 ed.
1420 3711 1481 3751 W
1490 3712 1508 3749 i
1518 3711 1537 3749 1
1546 3711 1591 3749 11
1601 3721 1628 3750 a
1637 3722 1696 3749 m.
1939 3707 1971 3754 6
