2693 4100
183 404 246 455 ut
306 400 390 454 ait
441 399 746 467 Epicurus,
804 401 944 452 κατὰ
996 401 1096 465 μὲν
1152 399 1218 451 τὸ
1283 400 1425 465 πρὸς
1490 402 1635 465 ἡμᾶς
1688 401 2019 466 τηλικοῦτόν
2077 399 2229 452 ἐστιν

182 474 379 540 ἡλίκον
453 472 735 538 φαίνεται,
819 472 959 523 κατὰ
1034 472 1095 524 δὲ
1159 471 1225 523 τὸ
1291 471 1416 524 καθ’
1479 472 1619 523 αὑτὸ
1684 473 1811 536 ἤτοι
1879 473 2062 535 μεῖζον
2126 474 2228 522 τοῦ

181 547 476 615 ὁρωμένου
535 545 569 609 ἢ
621 547 795 610 μικρῷ
843 543 1077 595 ἔλαττον
1124 544 1158 607 ἢ
1207 544 1541 608 τηλικοῦτον
1586 544 1864 608 τυγχάνει.
1942 541 2040 593 sed
2092 540 2232 608 quid

180 616 291 669 hoc
330 617 433 681 est,
472 614 624 684 quod
664 631 710 665 v.
743 618 775 666 8
812 612 1073 682 legimus,
1111 628 1215 665 nos
1252 610 1435 665 visum
1474 613 1606 665 solis
1645 614 1852 679 videre,
1894 613 2009 665 non
2045 612 2232 680 ipsum

186 686 393 750 solem,
451 701 580 738 cum
626 684 768 737 talia
814 683 978 737 nobis
1025 683 1084 737 in
1121 682 1352 750 Epicuri
1400 685 1658 738 doctrina
1704 684 1845 738 alias
1890 701 2004 737 non
2042 700 2233 737 occur-

188 759 355 811 rant?
430 758 582 824 (nam
619 755 777 808 aliud
814 767 926 822 est,
980 756 1133 823 quod
1172 756 1365 822 docet,
1402 771 1504 809 nos
1549 773 1650 824 per
1688 755 1985 809 simulacra
2022 772 2111 808 res
2151 753 2232 806 vi-

189 830 359 898 dere).
436 830 493 881 et
530 828 811 895 quomodo
866 844 992 880 cum
1023 825 1262 894 Epicuri
1300 827 1598 880 sententiis
1646 828 1908 897 cong-ruit
1944 845 1991 879 v,
2025 834 2055 879 5
2074 843 2194 894 sqq.
2209 831 2233 878 ἱ)

186 900 473 970 quomodo
513 899 663 952 enim
703 898 813 966 sol,
870 898 918 951 si
956 900 1074 951 tam
1111 897 1342 951 humilis
1393 900 1479 952 est
1525 916 1694 966 quam
1731 899 1970 964 videtur,
2028 900 2235 950 terram

187 971 516 1026 comburere
554 971 766 1039 potest,
826 969 873 1022 si
912 968 1143 1037 quidem
1180 971 1375 1022 tantus
1414 971 1516 1034 est,
1554 974 1798 1053 quantus
1838 987 1958 1023 esse
1994 969 2234 1032 videtur,

186 1044 252 1097 id
300 1045 387 1096 est
432 1041 753 1110 bipedalem
804 1042 1029 1094 tantum
1078 1040 1166 1094 vel
1212 1057 1324 1094 non
1372 1041 1555 1095 multo
1598 1042 1780 1095 maius
1821 1042 1998 1111 (Lucr.
2031 1040 2081 1094 V
2111 1043 2234 1110 564)

188 1116 439 1184 spatium
487 1113 958 1181 comprehendat?
1032 1129 1259 1180 prorsus
1297 1128 1328 1166 e
1367 1113 1645 1167 contrario
1680 1113 1971 1181 Epicureis
2010 1128 2236 1166 necesse

190 1203 314 1240 esse
361 1182 660 1239 videbatur
706 1184 1026 1250 ostendere,
1065 1185 1355 1251 quomodo
1402 1186 1656 1239 tantulus
1700 1187 1792 1240 ille
1836 1186 1918 1240 sol
1964 1185 2237 1237 mundum

189 1256 407 1311 lumine
456 1257 514 1310 et
559 1255 744 1309 calore
783 1254 1062 1323 complere
1099 1257 1291 1324 posset
1329 1255 1449 1324 (cfr.
1479 1256 1638 1310 Lucr.
1670 1257 1720 1311 V
1748 1259 2071 1325 590—613).
2143 1256 2239 1307 vix

191 1330 393 1383 credas
420 1328 731 1396 Diogenem
770 1326 932 1380 nobis
962 1342 1151 1380 veram
1180 1326 1410 1395 Epicuri
1439 1328 1776 1382 sententiam
1802 1329 2040 1382 tradere.
2098 1326 2239 1379 mihi

191 1400 430 1470 quidem
465 1399 572 1452 hoc
608 1398 857 1452 videtur:
892 1398 1171 1466 Epicurus
1210 1416 1338 1452 cum
1377 1398 1546 1456 fidem
1585 1417 1848 1453 sensuum
1877 1416 2093 1454 servare
2123 1402 2241 1452 stu-

192 1473 373 1538 deret,
413 1471 559 1524 sicut
597 1471 667 1524 de
704 1469 1098 1538 magnitudine
1137 1469 1270 1524 solis
1310 1470 1595 1538 duplicem
1631 1472 1870 1540 protulit
1904 1472 2240 1526 sententiam

193 1543 318 1614 (cfr.
351 1544 559 1612 supra),
595 1541 680 1595 ita
717 1541 1048 1595 distantiam
1088 1558 1310 1609 quoque
1351 1542 1470 1595 eius
1509 1542 1655 1596 dixit
1691 1547 1833 1598 κατὰ
1873 1547 1972 1610 μὲν
2000 1546 2067 1597 τὸ
2102 1545 2243 1611 πρὸς

192 1619 346 1682 ἡμᾶς
409 1615 633 1667 tantam
697 1629 816 1667 esse
881 1618 1093 1681 quanta
1147 1609 1452 1682 videretur,
1509 1617 1650 1668 κατὰ
1709 1618 1770 1669 δὲ
1806 1619 1874 1670 τὸ
1932 1617 2055 1669 καθ’
2100 1617 2241 1669 αὑτὸ

192 1687 441 1745 fortasse
479 1684 763 1738 maiorem.
840 1685 991 1752 quod
1040 1701 1073 1738 a
1111 1684 1365 1755 Diogene
1403 1685 1486 1739 ita
1522 1685 1876 1740 intellectum
1914 1689 2025 1752 est,
2080 1686 2243 1753 quasi

198 1758 418 1811 diceret
455 1755 572 1822 ille,
610 1757 761 1824 quod
800 1755 1030 1823 quidem
1067 1773 1167 1809 nos
1206 1756 1524 1810 videremus
1561 1760 1786 1811 tantum
1825 1758 2036 1811 distare
2066 1772 2243 1824 quan-

197 1834 324 1883 tum
360 1828 663 1892 videretur,
703 1827 876 1882 solem
914 1827 1102 1896 ipsum
1140 1830 1357 1893 autem,
1406 1845 1573 1895 quem
1609 1846 1722 1882 non
1759 1829 2104 1894 videremus,
2160 1845 2244 1881 re·

200 1917 333 1955 vera
387 1899 567 1952 multo
623 1897 836 1952 maiore
893 1899 1078 1966 spatio
1132 1899 1343 1954 abesse.
1429 1901 1538 1954 hoc
1586 1917 1712 1954 cum
1757 1901 1841 1953 ita
1887 1900 2247 1969 intellegeret

201 1972 511 2040 Diogenes,
568 1971 764 2024 statim
801 1970 963 2023 finxit
998 1971 1251 2038 ineptam
1289 1987 1545 2036 causam,
1603 1989 1703 2026 cur
1740 1972 1822 2026 sol
1859 1975 1978 2025 tam
2018 1970 2245 2025 humilis

205 2060 328 2098 esse
385 2060 497 2096 non
551 2044 756 2111 posset.
850 2040 1086 2096 fortasse
1153 2042 1328 2097 etiam
1393 2042 1653 2098 meminit
1707 2043 2119 2112 Empedoclem
2177 2043 2248 2098 de

204 2114 546 2184 duplicitate
585 2113 719 2167 solis
758 2114 1048 2168 doctrinae
1088 2120 1152 2167 21
1175 2116 1224 2166 Α
1245 2121 1312 2168 56
1364 2115 1545 2170 Vors.²
1584 2122 1704 2181 162,
1727 2113 1794 2170 18
1815 2116 1879 2169 D.

349 2203 399 2238 v.
424 2190 456 2238 8
495 2187 782 2253 ἀπόφασις
808 2184 1116 2239 insolenter
1144 2186 1360 2239 dictum
1397 2205 1499 2255 pro
1535 2191 1705 2254 φάσις
1732 2187 1820 2241 vel
1850 2190 2047 2255 φάσμα
2086 2186 2248 2254 quasi

212 2260 337 2325 „Ab
374 2259 554 2312 lanz“.

337 2276 401 2381 qv,
435 2335 499 2382 11
542 2329 630 2396 ὀχί
664 2344 767 2396 pro
806 2329 931 2394 οὐχί
969 2328 1065 2382 cfr.
1106 2328 1287 2382 Praef.
1325 2347 1381 2397 p.
1412 2329 1632 2385 XXXV.

353 2418 405 2453 V.
439 2406 504 2453 14
561 2404 651 2454 καὶ
685 2406 803 2454 τῶν
843 2401 1073 2467 ἐφεξῆς,
1129 2399 1166 2454 1.
1206 2419 1252 2453 e.
1293 2402 1363 2454 de
1401 2402 1625 2456 defectu
1664 2401 1796 2455 solis
1836 2403 1894 2456 et
1928 2401 2123 2468 lunae,
2181 2402 2250 2454 de

212 2473 434 2526 dierum
472 2473 530 2524 et
564 2470 816 2524 noctium
852 2471 1009 2524 varia
1047 2471 1420 2541 longitudine,
1458 2489 1603 2540 quae
1642 2492 1674 2526 a
1707 2473 1867 2527 Lucr.
1888 2473 1939 2526 V
1969 2477 2252 2527 564—770

211 2547 271 2598 et
309 2542 381 2596 ab
419 2542 661 2611 Epicuro
701 2559 785 2610 ep.
823 2542 876 2594 Π
906 2548 973 2595 90
994 2560 1109 2611 sqq
1152 2545 1398 2597 tractata
1436 2546 1581 2598 sunt.

360 2613 463 2668 col.
492 2614 570 2667 111
606 2632 654 2666 v.
687 2620 717 2665 2
739 2614 884 2684 sqq.]
939 2617 1306 2683 praeceptum
1360 2616 1432 2669 ab
1470 2616 1711 2685 Epicuro
1759 2634 1844 2686 ep.
1884 2617 1910 2670 I
1941 2623 2006 2670 79
2027 2580 2148 2685 sqq.
2197 2616 2256 2669 et

211 2688 273 2741 in
331 2686 575 2739 secunda
630 2684 877 2753 epistula
923 2686 1147 2754 saepius
1201 2686 1508 2755 repetitum
1554 2687 1626 2757 (ΙΙ
1664 2693 2072 2756 87‚104‚113,
2114 2690 2255 2757 114),

216 2748 315 2812 cfr.
358 2759 416 2811 et
452 2757 610 2810 Lucr.
638 2756 684 2809 V
721 2775 767 2810 V.
800 2762 1099 2811 526—533.

361 2847 409 2881 v.
442 2836 473 2880 5
495 2845 614 2896 sqq.
674 2826 943 2882 obscurus
991 2830 1049 2882 et
1099 2831 1385 2884 contortus
1443 2833 1530 2885 est
1575 2849 1770 2885 sermo,
1846 2799 2256 2899 ἀποφαίνεσθαι

215 2901 345 2968 περί
394 2918 545 2964 τινος
596 2917 724 2953 cum
775 2900 1056 2969 significet
1099 2903 1424 2956 sententiam
1474 2904 1648 2958 dicere
1692 2905 1757 2957 de
1803 2905 1996 2971 aliqua
2032 2921 2105 2968 re,
2152 2918 2256 2954 vox

218 2972 737 3037 καταποφαίνεσθαι
799 2971 972 3025 etiam
1029 2972 1302 3026 maiorem
1349 2974 1462 3027 vim
1517 2975 1692 3028 habet
1735 2976 1991 3044 yraviter,
2043 2975 2259 3040 fortiter

215 3043 543 3098 sententiam
577 3060 738 3096 suam
774 3045 949 3097 dicere
986 3044 1148 3111 quasi
1184 3061 1300 3098 una
1337 3061 1467 3098 vera
1515 3045 1615 3111 sit,
1667 3048 1802 3115 (qua
1845 3017 2257 3115 significatione

218 3116 362 3169 haec
400 3131 505 3167 vox
544 3113 685 3167 alibi
724 3118 941 3168 exstare
979 3132 1094 3170 non
1131 3115 1394 3185 videtur).
1470 3119 1530 3171 et
1574 3087 1647 3171 a'd
1693 3116 1862 3171 verba
1912 3122 2038 3185 περὶ
2091 3116 2257 3169 τοῦδέ

218 3204 372 3251 τινος
420 3188 489 3254 (v.
520 3188 574 3255 5>
621 3185 937 3253 supplenda
994 3191 1080 3241 est
1116 3205 1221 3241 vox
1256 3190 1486 3256 τρόπου.
1573 3191 1855 3242 structura
1899 3189 2076 3259 igitur
2120 3188 2260 3239 haec

222 3261 333 3313 est:
374 3260 553 3312 ἐκεῖνο
590 3260 908 3325 προθέντες,
966 3262 1053 3313 ὅτι
1089 3262 1371 3327 τολμηρὸν
1409 3261 1576 3329 (ἐστί)
1613 3263 1713 3314 τὸν
1751 3263 2028 3328 Ζητοῦντά
2056 3278 2108 3313 τι
2136 3260 2262 3324 περὶ

220 3336 340 3385 τῶν
380 3331 623 3396 ἀδήλων,
663 3331 731 3382 ἂν
770 3333 942 3398 βλέπη
981 3334 1116 3396 τοὺς
1150 3337 1253 3385 τοῦ
1288 3335 1532 3386 δυνατοῦ
1562 3334 1808 3399 τρόπους
1834 3333 2107 3398 πλείονας,
2136 3331 2278 3395 περὶ

222 3405 391 3457 τοῦδέ
428 3418 580 3464 τινος
624 3402 890 3468 (τρόπου)
931 3405 1105 3468 μόνου
1144 3405 1676 3471 καταποφαίνεσθαι,
1732 3403 1884 3472 (1110(1
1923 3405 2030 3457 est:
2090 3401 2256 3455 auda·

225 3474 305 3526 cis
346 3474 457 3537 est,
510 3474 874 3538 quaerentem
921 3473 1139 3541 aliquid
1186 3473 1410 3528 obscuri
1447 3475 1505 3529 et
1541 3476 1825 3529 videntem
1862 3490 2033 3543 quam
2069 3471 2262 3527 multis

225 3545 410 3599 modis
443 3514 591 3595 'illud
628 3542 749 3596 fieri
786 3545 990 3612 possit,
1037 3547 1227 3598 tamen
1267 3545 1335 3597 de
1375 3565 1487 3602 uno
1525 3551 1676 3602 certo
1714 3548 1882 3602 modo
1921 3547 2265 3601 confidenter

226 3614 570 3670 sententiam
616 3614 818 3670 dicere.
895 3619 990 3671 ὅδε
1034 3634 1117 3681 τις
1161 3616 1294 3671 inde
1342 3618 1414 3671 ab
1452 3618 1755 3673 Aristotele
1807 3620 1866 3672 in
1903 3618 2264 3687 philosopho-
